%YAML 1.1
%TAG !u! tag:unity3d.com,2011:
--- !u!1 &1921500879091045446
GameObject:
  m_ObjectHideFlags: 0
  m_CorrespondingSourceObject: {fileID: 0}
  m_PrefabInstance: {fileID: 0}
  m_PrefabAsset: {fileID: 0}
  serializedVersion: 6
  m_Component:
  - component: {fileID: 231569328368818372}
  - component: {fileID: 611933926213014340}
  - component: {fileID: 6915078499654922947}
  - component: {fileID: 390802302242320005}
  m_Layer: 0
  m_Name: Plane
  m_TagString: Untagged
  m_Icon: {fileID: 0}
  m_NavMeshLayer: 0
  m_StaticEditorFlags: 0
  m_IsActive: 1
--- !u!4 &231569328368818372
Transform:
  m_ObjectHideFlags: 0
  m_CorrespondingSourceObject: {fileID: 0}
  m_PrefabInstance: {fileID: 0}
  m_PrefabAsset: {fileID: 0}
  m_GameObject: {fileID: 1921500879091045446}
  m_LocalRotation: {x: -0, y: -0, z: -0, w: 1}
  m_LocalPosition: {x: 0, y: 0, z: 0}
  m_LocalScale: {x: 7, y: 1, z: 7}
  m_Children: []
  m_Father: {fileID: 4437744338895039674}
  m_RootOrder: 0
  m_LocalEulerAnglesHint: {x: 0, y: 0, z: 0}
--- !u!33 &611933926213014340
MeshFilter:
  m_ObjectHideFlags: 0
  m_CorrespondingSourceObject: {fileID: 0}
  m_PrefabInstance: {fileID: 0}
  m_PrefabAsset: {fileID: 0}
  m_GameObject: {fileID: 1921500879091045446}
  m_Mesh: {fileID: 10209, guid: 0000000000000000e000000000000000, type: 0}
--- !u!23 &6915078499654922947
MeshRenderer:
  m_ObjectHideFlags: 0
  m_CorrespondingSourceObject: {fileID: 0}
  m_PrefabInstance: {fileID: 0}
  m_PrefabAsset: {fileID: 0}
  m_GameObject: {fileID: 1921500879091045446}
  m_Enabled: 1
  m_CastShadows: 1
  m_ReceiveShadows: 1
  m_DynamicOccludee: 1
  m_MotionVectors: 1
  m_LightProbeUsage: 1
  m_ReflectionProbeUsage: 1
  m_RayTracingMode: 2
  m_RenderingLayerMask: 1
  m_RendererPriority: 0
  m_Materials:
  - {fileID: 2100000, guid: 6aabf5ac43cf68f49ae755a2e8a89dcc, type: 2}
  m_StaticBatchInfo:
    firstSubMesh: 0
    subMeshCount: 0
  m_StaticBatchRoot: {fileID: 0}
  m_ProbeAnchor: {fileID: 0}
  m_LightProbeVolumeOverride: {fileID: 0}
  m_ScaleInLightmap: 1
  m_ReceiveGI: 1
  m_PreserveUVs: 0
  m_IgnoreNormalsForChartDetection: 0
  m_ImportantGI: 0
  m_StitchLightmapSeams: 1
  m_SelectedEditorRenderState: 3
  m_MinimumChartSize: 4
  m_AutoUVMaxDistance: 0.5
  m_AutoUVMaxAngle: 89
  m_LightmapParameters: {fileID: 0}
  m_SortingLayerID: 0
  m_SortingLayer: 0
  m_SortingOrder: 0
--- !u!64 &390802302242320005
MeshCollider:
  m_ObjectHideFlags: 0
  m_CorrespondingSourceObject: {fileID: 0}
  m_PrefabInstance: {fileID: 0}
  m_PrefabAsset: {fileID: 0}
  m_GameObject: {fileID: 1921500879091045446}
  m_Material: {fileID: 0}
  m_IsTrigger: 0
  m_Enabled: 1
  serializedVersion: 4
  m_Convex: 0
  m_CookingOptions: 30
  m_Mesh: {fileID: 10209, guid: 0000000000000000e000000000000000, type: 0}
--- !u!1 &2246001277575113723
GameObject:
  m_ObjectHideFlags: 0
  m_CorrespondingSourceObject: {fileID: 0}
  m_PrefabInstance: {fileID: 0}
  m_PrefabAsset: {fileID: 0}
  serializedVersion: 6
  m_Component:
  - component: {fileID: 4437744338895039674}
  m_Layer: 0
  m_Name: Global_PF_Casa2
  m_TagString: Untagged
  m_Icon: {fileID: 0}
  m_NavMeshLayer: 0
  m_StaticEditorFlags: 0
  m_IsActive: 1
--- !u!4 &4437744338895039674
Transform:
  m_ObjectHideFlags: 0
  m_CorrespondingSourceObject: {fileID: 0}
  m_PrefabInstance: {fileID: 0}
  m_PrefabAsset: {fileID: 0}
  m_GameObject: {fileID: 2246001277575113723}
  m_LocalRotation: {x: 0, y: 0, z: 0, w: 1}
  m_LocalPosition: {x: 0, y: 0, z: 0}
  m_LocalScale: {x: 1, y: 1, z: 1}
  m_Children:
  - {fileID: 231569328368818372}
  - {fileID: 3311997995827311292}
  - {fileID: 389650042683171645}
  - {fileID: 2162649785169571439}
  - {fileID: 8097177756744533566}
  - {fileID: 7202367199877018535}
  m_Father: {fileID: 0}
  m_RootOrder: 0
  m_LocalEulerAnglesHint: {x: 0, y: 0, z: 0}
--- !u!1001 &56298035500330073
PrefabInstance:
  m_ObjectHideFlags: 0
  serializedVersion: 2
  m_Modification:
    m_TransformParent: {fileID: 3311997995827311292}
    m_Modifications:
    - target: {fileID: 100000, guid: cfcf075e496092c489e38a82a64dd637, type: 3}
      propertyPath: m_Name
      value: DiningChair (2)
      objectReference: {fileID: 0}
    - target: {fileID: 400000, guid: cfcf075e496092c489e38a82a64dd637, type: 3}
      propertyPath: m_RootOrder
      value: 2
      objectReference: {fileID: 0}
    - target: {fileID: 400000, guid: cfcf075e496092c489e38a82a64dd637, type: 3}
      propertyPath: m_LocalPosition.x
      value: 1.352
      objectReference: {fileID: 0}
    - target: {fileID: 400000, guid: cfcf075e496092c489e38a82a64dd637, type: 3}
      propertyPath: m_LocalPosition.y
      value: 0
      objectReference: {fileID: 0}
    - target: {fileID: 400000, guid: cfcf075e496092c489e38a82a64dd637, type: 3}
      propertyPath: m_LocalPosition.z
      value: -0.033
      objectReference: {fileID: 0}
    - target: {fileID: 400000, guid: cfcf075e496092c489e38a82a64dd637, type: 3}
      propertyPath: m_LocalRotation.w
      value: 0.7220873
      objectReference: {fileID: 0}
    - target: {fileID: 400000, guid: cfcf075e496092c489e38a82a64dd637, type: 3}
      propertyPath: m_LocalRotation.x
      value: -0
      objectReference: {fileID: 0}
    - target: {fileID: 400000, guid: cfcf075e496092c489e38a82a64dd637, type: 3}
      propertyPath: m_LocalRotation.y
      value: -0.69180197
      objectReference: {fileID: 0}
    - target: {fileID: 400000, guid: cfcf075e496092c489e38a82a64dd637, type: 3}
      propertyPath: m_LocalRotation.z
      value: -0
      objectReference: {fileID: 0}
    - target: {fileID: 400000, guid: cfcf075e496092c489e38a82a64dd637, type: 3}
      propertyPath: m_LocalEulerAnglesHint.x
      value: 0
      objectReference: {fileID: 0}
    - target: {fileID: 400000, guid: cfcf075e496092c489e38a82a64dd637, type: 3}
      propertyPath: m_LocalEulerAnglesHint.y
      value: -87.546005
      objectReference: {fileID: 0}
    - target: {fileID: 400000, guid: cfcf075e496092c489e38a82a64dd637, type: 3}
      propertyPath: m_LocalEulerAnglesHint.z
      value: 0
      objectReference: {fileID: 0}
    m_RemovedComponents: []
  m_SourcePrefab: {fileID: 100100000, guid: cfcf075e496092c489e38a82a64dd637, type: 3}
--- !u!1001 &389650042683570621
PrefabInstance:
  m_ObjectHideFlags: 0
  serializedVersion: 2
  m_Modification:
    m_TransformParent: {fileID: 4437744338895039674}
    m_Modifications:
    - target: {fileID: 100000, guid: 5ced1428a23f623448aad5b76e93dd8d, type: 3}
      propertyPath: m_Name
      value: SofaSmall
      objectReference: {fileID: 0}
    - target: {fileID: 400000, guid: 5ced1428a23f623448aad5b76e93dd8d, type: 3}
      propertyPath: m_RootOrder
      value: 2
      objectReference: {fileID: 0}
    - target: {fileID: 400000, guid: 5ced1428a23f623448aad5b76e93dd8d, type: 3}
      propertyPath: m_LocalPosition.x
      value: -1.88
      objectReference: {fileID: 0}
    - target: {fileID: 400000, guid: 5ced1428a23f623448aad5b76e93dd8d, type: 3}
      propertyPath: m_LocalPosition.y
      value: 0
      objectReference: {fileID: 0}
    - target: {fileID: 400000, guid: 5ced1428a23f623448aad5b76e93dd8d, type: 3}
      propertyPath: m_LocalPosition.z
      value: 2.25
      objectReference: {fileID: 0}
    - target: {fileID: 400000, guid: 5ced1428a23f623448aad5b76e93dd8d, type: 3}
      propertyPath: m_LocalRotation.w
      value: 0.27889454
      objectReference: {fileID: 0}
    - target: {fileID: 400000, guid: 5ced1428a23f623448aad5b76e93dd8d, type: 3}
      propertyPath: m_LocalRotation.x
      value: -0
      objectReference: {fileID: 0}
    - target: {fileID: 400000, guid: 5ced1428a23f623448aad5b76e93dd8d, type: 3}
      propertyPath: m_LocalRotation.y
      value: 0.9603218
      objectReference: {fileID: 0}
    - target: {fileID: 400000, guid: 5ced1428a23f623448aad5b76e93dd8d, type: 3}
      propertyPath: m_LocalRotation.z
      value: -0
      objectReference: {fileID: 0}
    - target: {fileID: 400000, guid: 5ced1428a23f623448aad5b76e93dd8d, type: 3}
      propertyPath: m_LocalEulerAnglesHint.x
      value: 0
      objectReference: {fileID: 0}
    - target: {fileID: 400000, guid: 5ced1428a23f623448aad5b76e93dd8d, type: 3}
      propertyPath: m_LocalEulerAnglesHint.y
      value: 147.612
      objectReference: {fileID: 0}
    - target: {fileID: 400000, guid: 5ced1428a23f623448aad5b76e93dd8d, type: 3}
      propertyPath: m_LocalEulerAnglesHint.z
      value: 0
      objectReference: {fileID: 0}
    m_RemovedComponents: []
  m_SourcePrefab: {fileID: 100100000, guid: 5ced1428a23f623448aad5b76e93dd8d, type: 3}
--- !u!4 &389650042683171645 stripped
Transform:
  m_CorrespondingSourceObject: {fileID: 400000, guid: 5ced1428a23f623448aad5b76e93dd8d,
    type: 3}
  m_PrefabInstance: {fileID: 389650042683570621}
  m_PrefabAsset: {fileID: 0}
--- !u!1001 &2162649785169704173
PrefabInstance:
  m_ObjectHideFlags: 0
  serializedVersion: 2
  m_Modification:
    m_TransformParent: {fileID: 4437744338895039674}
    m_Modifications:
    - target: {fileID: 100002, guid: e41b6552046814b19a9905c4f669429b, type: 3}
      propertyPath: m_Name
      value: ChestOfDraws
      objectReference: {fileID: 0}
    - target: {fileID: 400002, guid: e41b6552046814b19a9905c4f669429b, type: 3}
      propertyPath: m_RootOrder
      value: 3
      objectReference: {fileID: 0}
    - target: {fileID: 400002, guid: e41b6552046814b19a9905c4f669429b, type: 3}
      propertyPath: m_LocalPosition.x
      value: 2.979
      objectReference: {fileID: 0}
    - target: {fileID: 400002, guid: e41b6552046814b19a9905c4f669429b, type: 3}
      propertyPath: m_LocalPosition.y
      value: 0
      objectReference: {fileID: 0}
    - target: {fileID: 400002, guid: e41b6552046814b19a9905c4f669429b, type: 3}
      propertyPath: m_LocalPosition.z
      value: -0.637
      objectReference: {fileID: 0}
    - target: {fileID: 400002, guid: e41b6552046814b19a9905c4f669429b, type: 3}
      propertyPath: m_LocalRotation.w
      value: 0.74460065
      objectReference: {fileID: 0}
    - target: {fileID: 400002, guid: e41b6552046814b19a9905c4f669429b, type: 3}
      propertyPath: m_LocalRotation.x
      value: -0
      objectReference: {fileID: 0}
    - target: {fileID: 400002, guid: e41b6552046814b19a9905c4f669429b, type: 3}
      propertyPath: m_LocalRotation.y
      value: -0.6675103
      objectReference: {fileID: 0}
    - target: {fileID: 400002, guid: e41b6552046814b19a9905c4f669429b, type: 3}
      propertyPath: m_LocalRotation.z
      value: -0
      objectReference: {fileID: 0}
    - target: {fileID: 400002, guid: e41b6552046814b19a9905c4f669429b, type: 3}
      propertyPath: m_LocalEulerAnglesHint.x
      value: 0
      objectReference: {fileID: 0}
    - target: {fileID: 400002, guid: e41b6552046814b19a9905c4f669429b, type: 3}
      propertyPath: m_LocalEulerAnglesHint.y
      value: -83.75001
      objectReference: {fileID: 0}
    - target: {fileID: 400002, guid: e41b6552046814b19a9905c4f669429b, type: 3}
      propertyPath: m_LocalEulerAnglesHint.z
      value: 0
      objectReference: {fileID: 0}
    m_RemovedComponents: []
  m_SourcePrefab: {fileID: 100100000, guid: e41b6552046814b19a9905c4f669429b, type: 3}
--- !u!4 &2162649785169571439 stripped
Transform:
  m_CorrespondingSourceObject: {fileID: 400002, guid: e41b6552046814b19a9905c4f669429b,
    type: 3}
  m_PrefabInstance: {fileID: 2162649785169704173}
  m_PrefabAsset: {fileID: 0}
--- !u!1001 &3311997995826915388
PrefabInstance:
  m_ObjectHideFlags: 0
  serializedVersion: 2
  m_Modification:
    m_TransformParent: {fileID: 4437744338895039674}
    m_Modifications:
    - target: {fileID: 100000, guid: 461c3d4bbf4534691892261103fd5525, type: 3}
      propertyPath: m_Name
      value: DiningTable
      objectReference: {fileID: 0}
    - target: {fileID: 400000, guid: 461c3d4bbf4534691892261103fd5525, type: 3}
      propertyPath: m_RootOrder
      value: 1
      objectReference: {fileID: 0}
    - target: {fileID: 400000, guid: 461c3d4bbf4534691892261103fd5525, type: 3}
      propertyPath: m_LocalPosition.x
      value: -0.14692798
      objectReference: {fileID: 0}
    - target: {fileID: 400000, guid: 461c3d4bbf4534691892261103fd5525, type: 3}
      propertyPath: m_LocalPosition.y
      value: 0
      objectReference: {fileID: 0}
    - target: {fileID: 400000, guid: 461c3d4bbf4534691892261103fd5525, type: 3}
      propertyPath: m_LocalPosition.z
      value: -1.440012
      objectReference: {fileID: 0}
    - target: {fileID: 400000, guid: 461c3d4bbf4534691892261103fd5525, type: 3}
      propertyPath: m_LocalRotation.w
      value: 0.7019434
      objectReference: {fileID: 0}
    - target: {fileID: 400000, guid: 461c3d4bbf4534691892261103fd5525, type: 3}
      propertyPath: m_LocalRotation.x
      value: -0
      objectReference: {fileID: 0}
    - target: {fileID: 400000, guid: 461c3d4bbf4534691892261103fd5525, type: 3}
      propertyPath: m_LocalRotation.y
      value: 0.7122328
      objectReference: {fileID: 0}
    - target: {fileID: 400000, guid: 461c3d4bbf4534691892261103fd5525, type: 3}
      propertyPath: m_LocalRotation.z
      value: -0
      objectReference: {fileID: 0}
    - target: {fileID: 400000, guid: 461c3d4bbf4534691892261103fd5525, type: 3}
      propertyPath: m_LocalEulerAnglesHint.x
      value: 0
      objectReference: {fileID: 0}
    - target: {fileID: 400000, guid: 461c3d4bbf4534691892261103fd5525, type: 3}
      propertyPath: m_LocalEulerAnglesHint.y
      value: 90.83401
      objectReference: {fileID: 0}
    - target: {fileID: 400000, guid: 461c3d4bbf4534691892261103fd5525, type: 3}
      propertyPath: m_LocalEulerAnglesHint.z
      value: 0
      objectReference: {fileID: 0}
    m_RemovedComponents: []
  m_SourcePrefab: {fileID: 100100000, guid: 461c3d4bbf4534691892261103fd5525, type: 3}
--- !u!4 &3311997995827311292 stripped
Transform:
  m_CorrespondingSourceObject: {fileID: 400000, guid: 461c3d4bbf4534691892261103fd5525,
    type: 3}
  m_PrefabInstance: {fileID: 3311997995826915388}
  m_PrefabAsset: {fileID: 0}
--- !u!1001 &3729587028529107811
PrefabInstance:
  m_ObjectHideFlags: 0
  serializedVersion: 2
  m_Modification:
    m_TransformParent: {fileID: 3311997995827311292}
    m_Modifications:
    - target: {fileID: 100000, guid: cfcf075e496092c489e38a82a64dd637, type: 3}
      propertyPath: m_Name
      value: DiningChair (5)
      objectReference: {fileID: 0}
    - target: {fileID: 400000, guid: cfcf075e496092c489e38a82a64dd637, type: 3}
      propertyPath: m_RootOrder
      value: 5
      objectReference: {fileID: 0}
    - target: {fileID: 400000, guid: cfcf075e496092c489e38a82a64dd637, type: 3}
      propertyPath: m_LocalPosition.x
      value: -1.117
      objectReference: {fileID: 0}
    - target: {fileID: 400000, guid: cfcf075e496092c489e38a82a64dd637, type: 3}
      propertyPath: m_LocalPosition.y
      value: 0
      objectReference: {fileID: 0}
    - target: {fileID: 400000, guid: cfcf075e496092c489e38a82a64dd637, type: 3}
      propertyPath: m_LocalPosition.z
      value: -0.082
      objectReference: {fileID: 0}
    - target: {fileID: 400000, guid: cfcf075e496092c489e38a82a64dd637, type: 3}
      propertyPath: m_LocalRotation.w
      value: 0.7087653
      objectReference: {fileID: 0}
    - target: {fileID: 400000, guid: cfcf075e496092c489e38a82a64dd637, type: 3}
      propertyPath: m_LocalRotation.x
      value: -0
      objectReference: {fileID: 0}
    - target: {fileID: 400000, guid: cfcf075e496092c489e38a82a64dd637, type: 3}
      propertyPath: m_LocalRotation.y
      value: 0.7054444
      objectReference: {fileID: 0}
    - target: {fileID: 400000, guid: cfcf075e496092c489e38a82a64dd637, type: 3}
      propertyPath: m_LocalRotation.z
      value: -0
      objectReference: {fileID: 0}
    - target: {fileID: 400000, guid: cfcf075e496092c489e38a82a64dd637, type: 3}
      propertyPath: m_LocalEulerAnglesHint.x
      value: 0
      objectReference: {fileID: 0}
    - target: {fileID: 400000, guid: cfcf075e496092c489e38a82a64dd637, type: 3}
      propertyPath: m_LocalEulerAnglesHint.y
      value: 89.731
      objectReference: {fileID: 0}
    - target: {fileID: 400000, guid: cfcf075e496092c489e38a82a64dd637, type: 3}
      propertyPath: m_LocalEulerAnglesHint.z
      value: 0
      objectReference: {fileID: 0}
    m_RemovedComponents: []
  m_SourcePrefab: {fileID: 100100000, guid: cfcf075e496092c489e38a82a64dd637, type: 3}
--- !u!1001 &4049869369768872398
PrefabInstance:
  m_ObjectHideFlags: 0
  serializedVersion: 2
  m_Modification:
    m_TransformParent: {fileID: 3311997995827311292}
    m_Modifications:
    - target: {fileID: 100000, guid: cfcf075e496092c489e38a82a64dd637, type: 3}
      propertyPath: m_Name
      value: DiningChair (1)
      objectReference: {fileID: 0}
    - target: {fileID: 400000, guid: cfcf075e496092c489e38a82a64dd637, type: 3}
      propertyPath: m_RootOrder
      value: 1
      objectReference: {fileID: 0}
    - target: {fileID: 400000, guid: cfcf075e496092c489e38a82a64dd637, type: 3}
      propertyPath: m_LocalPosition.x
      value: 0.54
      objectReference: {fileID: 0}
    - target: {fileID: 400000, guid: cfcf075e496092c489e38a82a64dd637, type: 3}
      propertyPath: m_LocalPosition.y
      value: 0
      objectReference: {fileID: 0}
    - target: {fileID: 400000, guid: cfcf075e496092c489e38a82a64dd637, type: 3}
      propertyPath: m_LocalPosition.z
      value: -0.688
      objectReference: {fileID: 0}
    - target: {fileID: 400000, guid: cfcf075e496092c489e38a82a64dd637, type: 3}
      propertyPath: m_LocalRotation.w
      value: 1
      objectReference: {fileID: 0}
    - target: {fileID: 400000, guid: cfcf075e496092c489e38a82a64dd637, type: 3}
      propertyPath: m_LocalRotation.x
      value: 0
      objectReference: {fileID: 0}
    - target: {fileID: 400000, guid: cfcf075e496092c489e38a82a64dd637, type: 3}
      propertyPath: m_LocalRotation.y
      value: -0
      objectReference: {fileID: 0}
    - target: {fileID: 400000, guid: cfcf075e496092c489e38a82a64dd637, type: 3}
      propertyPath: m_LocalRotation.z
      value: -0
      objectReference: {fileID: 0}
    - target: {fileID: 400000, guid: cfcf075e496092c489e38a82a64dd637, type: 3}
      propertyPath: m_LocalEulerAnglesHint.x
      value: 0
      objectReference: {fileID: 0}
    - target: {fileID: 400000, guid: cfcf075e496092c489e38a82a64dd637, type: 3}
      propertyPath: m_LocalEulerAnglesHint.y
      value: 0
      objectReference: {fileID: 0}
    - target: {fileID: 400000, guid: cfcf075e496092c489e38a82a64dd637, type: 3}
      propertyPath: m_LocalEulerAnglesHint.z
      value: 0
      objectReference: {fileID: 0}
    m_RemovedComponents: []
  m_SourcePrefab: {fileID: 100100000, guid: cfcf075e496092c489e38a82a64dd637, type: 3}
--- !u!1001 &4447294154261504802
PrefabInstance:
  m_ObjectHideFlags: 0
  serializedVersion: 2
  m_Modification:
    m_TransformParent: {fileID: 2162649785169571439}
    m_Modifications:
    - target: {fileID: 100002, guid: 6d218f58f8d994088bdbda6c916f467f, type: 3}
      propertyPath: m_Name
      value: Lamp
      objectReference: {fileID: 0}
    - target: {fileID: 400002, guid: 6d218f58f8d994088bdbda6c916f467f, type: 3}
      propertyPath: m_RootOrder
      value: 8
      objectReference: {fileID: 0}
    - target: {fileID: 400002, guid: 6d218f58f8d994088bdbda6c916f467f, type: 3}
      propertyPath: m_LocalScale.y
      value: 0.5
      objectReference: {fileID: 0}
    - target: {fileID: 400002, guid: 6d218f58f8d994088bdbda6c916f467f, type: 3}
      propertyPath: m_LocalPosition.x
      value: -0.306
      objectReference: {fileID: 0}
    - target: {fileID: 400002, guid: 6d218f58f8d994088bdbda6c916f467f, type: 3}
      propertyPath: m_LocalPosition.y
      value: 3.302
      objectReference: {fileID: 0}
    - target: {fileID: 400002, guid: 6d218f58f8d994088bdbda6c916f467f, type: 3}
      propertyPath: m_LocalPosition.z
      value: 2.791
      objectReference: {fileID: 0}
    - target: {fileID: 400002, guid: 6d218f58f8d994088bdbda6c916f467f, type: 3}
      propertyPath: m_LocalRotation.w
      value: -0.8720861
      objectReference: {fileID: 0}
    - target: {fileID: 400002, guid: 6d218f58f8d994088bdbda6c916f467f, type: 3}
      propertyPath: m_LocalRotation.x
      value: -0
      objectReference: {fileID: 0}
    - target: {fileID: 400002, guid: 6d218f58f8d994088bdbda6c916f467f, type: 3}
      propertyPath: m_LocalRotation.y
      value: 0.48935255
      objectReference: {fileID: 0}
    - target: {fileID: 400002, guid: 6d218f58f8d994088bdbda6c916f467f, type: 3}
      propertyPath: m_LocalRotation.z
      value: -0
      objectReference: {fileID: 0}
    - target: {fileID: 400002, guid: 6d218f58f8d994088bdbda6c916f467f, type: 3}
      propertyPath: m_LocalEulerAnglesHint.x
      value: 0
      objectReference: {fileID: 0}
    - target: {fileID: 400002, guid: 6d218f58f8d994088bdbda6c916f467f, type: 3}
      propertyPath: m_LocalEulerAnglesHint.y
      value: 0
      objectReference: {fileID: 0}
    - target: {fileID: 400002, guid: 6d218f58f8d994088bdbda6c916f467f, type: 3}
      propertyPath: m_LocalEulerAnglesHint.z
      value: 0
      objectReference: {fileID: 0}
    m_RemovedComponents: []
  m_SourcePrefab: {fileID: 100100000, guid: 6d218f58f8d994088bdbda6c916f467f, type: 3}
--- !u!1001 &5734579803109961911
PrefabInstance:
  m_ObjectHideFlags: 0
  serializedVersion: 2
  m_Modification:
    m_TransformParent: {fileID: 3311997995827311292}
    m_Modifications:
    - target: {fileID: 100000, guid: cfcf075e496092c489e38a82a64dd637, type: 3}
      propertyPath: m_Name
      value: DiningChair (3)
      objectReference: {fileID: 0}
    - target: {fileID: 400000, guid: cfcf075e496092c489e38a82a64dd637, type: 3}
      propertyPath: m_RootOrder
      value: 3
      objectReference: {fileID: 0}
    - target: {fileID: 400000, guid: cfcf075e496092c489e38a82a64dd637, type: 3}
      propertyPath: m_LocalPosition.x
      value: -0.247
      objectReference: {fileID: 0}
    - target: {fileID: 400000, guid: cfcf075e496092c489e38a82a64dd637, type: 3}
      propertyPath: m_LocalPosition.y
      value: 0
      objectReference: {fileID: 0}
    - target: {fileID: 400000, guid: cfcf075e496092c489e38a82a64dd637, type: 3}
      propertyPath: m_LocalPosition.z
      value: -0.719
      objectReference: {fileID: 0}
    - target: {fileID: 400000, guid: cfcf075e496092c489e38a82a64dd637, type: 3}
      propertyPath: m_LocalRotation.w
      value: 1
      objectReference: {fileID: 0}
    - target: {fileID: 400000, guid: cfcf075e496092c489e38a82a64dd637, type: 3}
      propertyPath: m_LocalRotation.x
      value: 0
      objectReference: {fileID: 0}
    - target: {fileID: 400000, guid: cfcf075e496092c489e38a82a64dd637, type: 3}
      propertyPath: m_LocalRotation.y
      value: -0
      objectReference: {fileID: 0}
    - target: {fileID: 400000, guid: cfcf075e496092c489e38a82a64dd637, type: 3}
      propertyPath: m_LocalRotation.z
      value: -0
      objectReference: {fileID: 0}
    - target: {fileID: 400000, guid: cfcf075e496092c489e38a82a64dd637, type: 3}
      propertyPath: m_LocalEulerAnglesHint.x
      value: 0
      objectReference: {fileID: 0}
    - target: {fileID: 400000, guid: cfcf075e496092c489e38a82a64dd637, type: 3}
      propertyPath: m_LocalEulerAnglesHint.y
      value: 0
      objectReference: {fileID: 0}
    - target: {fileID: 400000, guid: cfcf075e496092c489e38a82a64dd637, type: 3}
      propertyPath: m_LocalEulerAnglesHint.z
      value: 0
      objectReference: {fileID: 0}
    m_RemovedComponents: []
  m_SourcePrefab: {fileID: 100100000, guid: cfcf075e496092c489e38a82a64dd637, type: 3}
--- !u!1001 &7202367199877409057
PrefabInstance:
  m_ObjectHideFlags: 0
  serializedVersion: 2
  m_Modification:
    m_TransformParent: {fileID: 4437744338895039674}
    m_Modifications:
    - target: {fileID: 100006, guid: 49a6824fe442d4dbbbf83484cbb57db1, type: 3}
      propertyPath: m_Name
      value: TVStand
      objectReference: {fileID: 0}
    - target: {fileID: 400006, guid: 49a6824fe442d4dbbbf83484cbb57db1, type: 3}
      propertyPath: m_RootOrder
      value: 5
      objectReference: {fileID: 0}
    - target: {fileID: 400006, guid: 49a6824fe442d4dbbbf83484cbb57db1, type: 3}
      propertyPath: m_LocalPosition.x
      value: -3.29
      objectReference: {fileID: 0}
    - target: {fileID: 400006, guid: 49a6824fe442d4dbbbf83484cbb57db1, type: 3}
      propertyPath: m_LocalPosition.y
      value: 0
      objectReference: {fileID: 0}
    - target: {fileID: 400006, guid: 49a6824fe442d4dbbbf83484cbb57db1, type: 3}
      propertyPath: m_LocalPosition.z
      value: -1.11
      objectReference: {fileID: 0}
    - target: {fileID: 400006, guid: 49a6824fe442d4dbbbf83484cbb57db1, type: 3}
      propertyPath: m_LocalRotation.w
      value: 0.8148312
      objectReference: {fileID: 0}
    - target: {fileID: 400006, guid: 49a6824fe442d4dbbbf83484cbb57db1, type: 3}
      propertyPath: m_LocalRotation.x
      value: -0
      objectReference: {fileID: 0}
    - target: {fileID: 400006, guid: 49a6824fe442d4dbbbf83484cbb57db1, type: 3}
      propertyPath: m_LocalRotation.y
      value: 0.5796984
      objectReference: {fileID: 0}
    - target: {fileID: 400006, guid: 49a6824fe442d4dbbbf83484cbb57db1, type: 3}
      propertyPath: m_LocalRotation.z
      value: -0
      objectReference: {fileID: 0}
    - target: {fileID: 400006, guid: 49a6824fe442d4dbbbf83484cbb57db1, type: 3}
      propertyPath: m_LocalEulerAnglesHint.x
      value: 0
      objectReference: {fileID: 0}
    - target: {fileID: 400006, guid: 49a6824fe442d4dbbbf83484cbb57db1, type: 3}
      propertyPath: m_LocalEulerAnglesHint.y
      value: 70.859
      objectReference: {fileID: 0}
    - target: {fileID: 400006, guid: 49a6824fe442d4dbbbf83484cbb57db1, type: 3}
      propertyPath: m_LocalEulerAnglesHint.z
      value: 0
      objectReference: {fileID: 0}
    m_RemovedComponents: []
  m_SourcePrefab: {fileID: 100100000, guid: 49a6824fe442d4dbbbf83484cbb57db1, type: 3}
--- !u!4 &7202367199877018535 stripped
Transform:
  m_CorrespondingSourceObject: {fileID: 400006, guid: 49a6824fe442d4dbbbf83484cbb57db1,
    type: 3}
  m_PrefabInstance: {fileID: 7202367199877409057}
  m_PrefabAsset: {fileID: 0}
--- !u!1001 &7269197794491889216
PrefabInstance:
  m_ObjectHideFlags: 0
  serializedVersion: 2
  m_Modification:
    m_TransformParent: {fileID: 3311997995827311292}
    m_Modifications:
    - target: {fileID: 100000, guid: cfcf075e496092c489e38a82a64dd637, type: 3}
      propertyPath: m_Name
      value: DiningChair (4)
      objectReference: {fileID: 0}
    - target: {fileID: 400000, guid: cfcf075e496092c489e38a82a64dd637, type: 3}
      propertyPath: m_RootOrder
      value: 4
      objectReference: {fileID: 0}
    - target: {fileID: 400000, guid: cfcf075e496092c489e38a82a64dd637, type: 3}
      propertyPath: m_LocalPosition.x
      value: -0.617
      objectReference: {fileID: 0}
    - target: {fileID: 400000, guid: cfcf075e496092c489e38a82a64dd637, type: 3}
      propertyPath: m_LocalPosition.y
      value: 0
      objectReference: {fileID: 0}
    - target: {fileID: 400000, guid: cfcf075e496092c489e38a82a64dd637, type: 3}
      propertyPath: m_LocalPosition.z
      value: 0.569
      objectReference: {fileID: 0}
    - target: {fileID: 400000, guid: cfcf075e496092c489e38a82a64dd637, type: 3}
      propertyPath: m_LocalRotation.w
      value: -0.009212702
      objectReference: {fileID: 0}
    - target: {fileID: 400000, guid: cfcf075e496092c489e38a82a64dd637, type: 3}
      propertyPath: m_LocalRotation.x
      value: -0
      objectReference: {fileID: 0}
    - target: {fileID: 400000, guid: cfcf075e496092c489e38a82a64dd637, type: 3}
      propertyPath: m_LocalRotation.y
      value: -0.9999576
      objectReference: {fileID: 0}
    - target: {fileID: 400000, guid: cfcf075e496092c489e38a82a64dd637, type: 3}
      propertyPath: m_LocalRotation.z
      value: -0
      objectReference: {fileID: 0}
    - target: {fileID: 400000, guid: cfcf075e496092c489e38a82a64dd637, type: 3}
      propertyPath: m_LocalEulerAnglesHint.x
      value: 0
      objectReference: {fileID: 0}
    - target: {fileID: 400000, guid: cfcf075e496092c489e38a82a64dd637, type: 3}
      propertyPath: m_LocalEulerAnglesHint.y
      value: -181.05598
      objectReference: {fileID: 0}
    - target: {fileID: 400000, guid: cfcf075e496092c489e38a82a64dd637, type: 3}
      propertyPath: m_LocalEulerAnglesHint.z
      value: 0
      objectReference: {fileID: 0}
    m_RemovedComponents: []
  m_SourcePrefab: {fileID: 100100000, guid: cfcf075e496092c489e38a82a64dd637, type: 3}
--- !u!1001 &7619903004564442558
PrefabInstance:
  m_ObjectHideFlags: 0
  serializedVersion: 2
  m_Modification:
    m_TransformParent: {fileID: 3311997995827311292}
    m_Modifications:
    - target: {fileID: 100000, guid: cfcf075e496092c489e38a82a64dd637, type: 3}
      propertyPath: m_Name
      value: DiningChair
      objectReference: {fileID: 0}
    - target: {fileID: 400000, guid: cfcf075e496092c489e38a82a64dd637, type: 3}
      propertyPath: m_RootOrder
      value: 0
      objectReference: {fileID: 0}
    - target: {fileID: 400000, guid: cfcf075e496092c489e38a82a64dd637, type: 3}
      propertyPath: m_LocalPosition.x
      value: 0.22
      objectReference: {fileID: 0}
    - target: {fileID: 400000, guid: cfcf075e496092c489e38a82a64dd637, type: 3}
      propertyPath: m_LocalPosition.y
      value: 0
      objectReference: {fileID: 0}
    - target: {fileID: 400000, guid: cfcf075e496092c489e38a82a64dd637, type: 3}
      propertyPath: m_LocalPosition.z
      value: 0.803
      objectReference: {fileID: 0}
    - target: {fileID: 400000, guid: cfcf075e496092c489e38a82a64dd637, type: 3}
      propertyPath: m_LocalRotation.w
      value: -0.07653174
      objectReference: {fileID: 0}
    - target: {fileID: 400000, guid: cfcf075e496092c489e38a82a64dd637, type: 3}
      propertyPath: m_LocalRotation.x
      value: -0
      objectReference: {fileID: 0}
    - target: {fileID: 400000, guid: cfcf075e496092c489e38a82a64dd637, type: 3}
      propertyPath: m_LocalRotation.y
      value: 0.99706715
      objectReference: {fileID: 0}
    - target: {fileID: 400000, guid: cfcf075e496092c489e38a82a64dd637, type: 3}
      propertyPath: m_LocalRotation.z
      value: -0
      objectReference: {fileID: 0}
    - target: {fileID: 400000, guid: cfcf075e496092c489e38a82a64dd637, type: 3}
      propertyPath: m_LocalEulerAnglesHint.x
      value: 0
      objectReference: {fileID: 0}
    - target: {fileID: 400000, guid: cfcf075e496092c489e38a82a64dd637, type: 3}
      propertyPath: m_LocalEulerAnglesHint.y
      value: 188.77798
      objectReference: {fileID: 0}
    - target: {fileID: 400000, guid: cfcf075e496092c489e38a82a64dd637, type: 3}
      propertyPath: m_LocalEulerAnglesHint.z
      value: 0
      objectReference: {fileID: 0}
    m_RemovedComponents: []
  m_SourcePrefab: {fileID: 100100000, guid: cfcf075e496092c489e38a82a64dd637, type: 3}
--- !u!1001 &8097177756744670398
PrefabInstance:
  m_ObjectHideFlags: 0
  serializedVersion: 2
  m_Modification:
    m_TransformParent: {fileID: 4437744338895039674}
    m_Modifications:
    - target: {fileID: 100000, guid: 91dd9734515124a55a7601f751109097, type: 3}
      propertyPath: m_Name
      value: Fireplace
      objectReference: {fileID: 0}
    - target: {fileID: 400000, guid: 91dd9734515124a55a7601f751109097, type: 3}
      propertyPath: m_RootOrder
      value: 4
      objectReference: {fileID: 0}
    - target: {fileID: 400000, guid: 91dd9734515124a55a7601f751109097, type: 3}
      propertyPath: m_LocalScale.y
      value: 0.5
      objectReference: {fileID: 0}
    - target: {fileID: 400000, guid: 91dd9734515124a55a7601f751109097, type: 3}
      propertyPath: m_LocalPosition.x
      value: 1.984
      objectReference: {fileID: 0}
    - target: {fileID: 400000, guid: 91dd9734515124a55a7601f751109097, type: 3}
      propertyPath: m_LocalPosition.y
      value: 0
      objectReference: {fileID: 0}
    - target: {fileID: 400000, guid: 91dd9734515124a55a7601f751109097, type: 3}
      propertyPath: m_LocalPosition.z
      value: 2.899
      objectReference: {fileID: 0}
    - target: {fileID: 400000, guid: 91dd9734515124a55a7601f751109097, type: 3}
      propertyPath: m_LocalRotation.w
      value: -0.322708
      objectReference: {fileID: 0}
    - target: {fileID: 400000, guid: 91dd9734515124a55a7601f751109097, type: 3}
      propertyPath: m_LocalRotation.x
      value: -0
      objectReference: {fileID: 0}
    - target: {fileID: 400000, guid: 91dd9734515124a55a7601f751109097, type: 3}
      propertyPath: m_LocalRotation.y
      value: 0.9464986
      objectReference: {fileID: 0}
    - target: {fileID: 400000, guid: 91dd9734515124a55a7601f751109097, type: 3}
      propertyPath: m_LocalRotation.z
      value: -0
      objectReference: {fileID: 0}
    - target: {fileID: 400000, guid: 91dd9734515124a55a7601f751109097, type: 3}
      propertyPath: m_LocalEulerAnglesHint.x
      value: 0
      objectReference: {fileID: 0}
    - target: {fileID: 400000, guid: 91dd9734515124a55a7601f751109097, type: 3}
      propertyPath: m_LocalEulerAnglesHint.y
      value: 217.65399
      objectReference: {fileID: 0}
    - target: {fileID: 400000, guid: 91dd9734515124a55a7601f751109097, type: 3}
      propertyPath: m_LocalEulerAnglesHint.z
      value: 0
      objectReference: {fileID: 0}
    m_RemovedComponents: []
  m_SourcePrefab: {fileID: 100100000, guid: 91dd9734515124a55a7601f751109097, type: 3}
--- !u!4 &8097177756744533566 stripped
Transform:
  m_CorrespondingSourceObject: {fileID: 400000, guid: 91dd9734515124a55a7601f751109097,
    type: 3}
  m_PrefabInstance: {fileID: 8097177756744670398}
  m_PrefabAsset: {fileID: 0}
--- !u!1001 &8600396333687040736
PrefabInstance:
  m_ObjectHideFlags: 0
  serializedVersion: 2
  m_Modification:
    m_TransformParent: {fileID: 7202367199877018535}
    m_Modifications:
    - target: {fileID: 100004, guid: fc85b0ed6feee4d46a876935af58e858, type: 3}
      propertyPath: m_Name
      value: TV
      objectReference: {fileID: 0}
    - target: {fileID: 400004, guid: fc85b0ed6feee4d46a876935af58e858, type: 3}
      propertyPath: m_RootOrder
      value: 2
      objectReference: {fileID: 0}
    - target: {fileID: 400004, guid: fc85b0ed6feee4d46a876935af58e858, type: 3}
      propertyPath: m_LocalPosition.x
      value: -0
      objectReference: {fileID: 0}
    - target: {fileID: 400004, guid: fc85b0ed6feee4d46a876935af58e858, type: 3}
      propertyPath: m_LocalPosition.y
      value: 0.611
      objectReference: {fileID: 0}
    - target: {fileID: 400004, guid: fc85b0ed6feee4d46a876935af58e858, type: 3}
      propertyPath: m_LocalPosition.z
      value: 0.031539176
      objectReference: {fileID: 0}
    - target: {fileID: 400004, guid: fc85b0ed6feee4d46a876935af58e858, type: 3}
      propertyPath: m_LocalRotation.w
      value: 1
      objectReference: {fileID: 0}
    - target: {fileID: 400004, guid: fc85b0ed6feee4d46a876935af58e858, type: 3}
      propertyPath: m_LocalRotation.x
      value: 0
      objectReference: {fileID: 0}
    - target: {fileID: 400004, guid: fc85b0ed6feee4d46a876935af58e858, type: 3}
      propertyPath: m_LocalRotation.y
      value: -0
      objectReference: {fileID: 0}
    - target: {fileID: 400004, guid: fc85b0ed6feee4d46a876935af58e858, type: 3}
      propertyPath: m_LocalRotation.z
      value: -0
      objectReference: {fileID: 0}
    - target: {fileID: 400004, guid: fc85b0ed6feee4d46a876935af58e858, type: 3}
      propertyPath: m_LocalEulerAnglesHint.x
      value: 0
      objectReference: {fileID: 0}
    - target: {fileID: 400004, guid: fc85b0ed6feee4d46a876935af58e858, type: 3}
      propertyPath: m_LocalEulerAnglesHint.y
      value: 0
      objectReference: {fileID: 0}
    - target: {fileID: 400004, guid: fc85b0ed6feee4d46a876935af58e858, type: 3}
      propertyPath: m_LocalEulerAnglesHint.z
      value: 0
      objectReference: {fileID: 0}
    m_RemovedComponents: []
  m_SourcePrefab: {fileID: 100100000, guid: fc85b0ed6feee4d46a876935af58e858, type: 3}
