%YAML 1.1
%TAG !u! tag:unity3d.com,2011:
--- !u!29 &1
OcclusionCullingSettings:
  m_ObjectHideFlags: 0
  serializedVersion: 2
  m_OcclusionBakeSettings:
    smallestOccluder: 5
    smallestHole: 0.25
    backfaceThreshold: 100
  m_SceneGUID: 00000000000000000000000000000000
  m_OcclusionCullingData: {fileID: 0}
--- !u!104 &2
RenderSettings:
  m_ObjectHideFlags: 0
  serializedVersion: 9
  m_Fog: 0
  m_FogColor: {r: 0.5, g: 0.5, b: 0.5, a: 1}
  m_FogMode: 3
  m_FogDensity: 0.01
  m_LinearFogStart: 0
  m_LinearFogEnd: 300
  m_AmbientSkyColor: {r: 0.212, g: 0.227, b: 0.259, a: 1}
  m_AmbientEquatorColor: {r: 0.114, g: 0.125, b: 0.133, a: 1}
  m_AmbientGroundColor: {r: 0.047, g: 0.043, b: 0.035, a: 1}
  m_AmbientIntensity: 1
  m_AmbientMode: 0
  m_SubtractiveShadowColor: {r: 0.42, g: 0.478, b: 0.627, a: 1}
  m_SkyboxMaterial: {fileID: 10304, guid: 0000000000000000f000000000000000, type: 0}
  m_HaloStrength: 0.5
  m_FlareStrength: 1
  m_FlareFadeSpeed: 3
  m_HaloTexture: {fileID: 0}
  m_SpotCookie: {fileID: 10001, guid: 0000000000000000e000000000000000, type: 0}
  m_DefaultReflectionMode: 0
  m_DefaultReflectionResolution: 128
  m_ReflectionBounces: 1
  m_ReflectionIntensity: 1
  m_CustomReflection: {fileID: 0}
  m_Sun: {fileID: 705507994}
  m_IndirectSpecularColor: {r: 0.18386425, g: 0.22903758, b: 0.30328098, a: 1}
  m_UseRadianceAmbientProbe: 0
--- !u!157 &3
LightmapSettings:
  m_ObjectHideFlags: 0
  serializedVersion: 11
  m_GIWorkflowMode: 1
  m_GISettings:
    serializedVersion: 2
    m_BounceScale: 1
    m_IndirectOutputScale: 1
    m_AlbedoBoost: 1
    m_EnvironmentLightingMode: 0
    m_EnableBakedLightmaps: 1
    m_EnableRealtimeLightmaps: 0
  m_LightmapEditorSettings:
    serializedVersion: 12
    m_Resolution: 2
    m_BakeResolution: 40
    m_AtlasSize: 1024
    m_AO: 0
    m_AOMaxDistance: 1
    m_CompAOExponent: 1
    m_CompAOExponentDirect: 0
    m_ExtractAmbientOcclusion: 0
    m_Padding: 2
    m_LightmapParameters: {fileID: 0}
    m_LightmapsBakeMode: 1
    m_TextureCompression: 1
    m_FinalGather: 0
    m_FinalGatherFiltering: 1
    m_FinalGatherRayCount: 256
    m_ReflectionCompression: 2
    m_MixedBakeMode: 2
    m_BakeBackend: 1
    m_PVRSampling: 1
    m_PVRDirectSampleCount: 32
    m_PVRSampleCount: 500
    m_PVRBounces: 2
    m_PVREnvironmentSampleCount: 500
    m_PVREnvironmentReferencePointCount: 2048
    m_PVRFilteringMode: 2
    m_PVRDenoiserTypeDirect: 0
    m_PVRDenoiserTypeIndirect: 0
    m_PVRDenoiserTypeAO: 0
    m_PVRFilterTypeDirect: 0
    m_PVRFilterTypeIndirect: 0
    m_PVRFilterTypeAO: 0
    m_PVREnvironmentMIS: 0
    m_PVRCulling: 1
    m_PVRFilteringGaussRadiusDirect: 1
    m_PVRFilteringGaussRadiusIndirect: 5
    m_PVRFilteringGaussRadiusAO: 2
    m_PVRFilteringAtrousPositionSigmaDirect: 0.5
    m_PVRFilteringAtrousPositionSigmaIndirect: 2
    m_PVRFilteringAtrousPositionSigmaAO: 1
    m_ExportTrainingData: 0
    m_TrainingDataDestination: TrainingData
    m_LightProbeSampleCountMultiplier: 4
  m_LightingDataAsset: {fileID: 0}
  m_UseShadowmask: 1
--- !u!196 &4
NavMeshSettings:
  serializedVersion: 2
  m_ObjectHideFlags: 0
  m_BuildSettings:
    serializedVersion: 2
    agentTypeID: 0
    agentRadius: 0.5
    agentHeight: 2
    agentSlope: 45
    agentClimb: 0.4
    ledgeDropHeight: 0
    maxJumpAcrossDistance: 0
    minRegionArea: 2
    manualCellSize: 0
    cellSize: 0.16666667
    manualTileSize: 0
    tileSize: 256
    accuratePlacement: 0
    debug:
      m_Flags: 0
  m_NavMeshData: {fileID: 0}
--- !u!1 &19858731
GameObject:
  m_ObjectHideFlags: 0
  m_CorrespondingSourceObject: {fileID: 0}
  m_PrefabInstance: {fileID: 0}
  m_PrefabAsset: {fileID: 0}
  serializedVersion: 6
  m_Component:
  - component: {fileID: 19858732}
  m_Layer: 0
  m_Name: Tarjet (1)
  m_TagString: Untagged
  m_Icon: {fileID: 0}
  m_NavMeshLayer: 0
  m_StaticEditorFlags: 0
  m_IsActive: 1
--- !u!4 &19858732
Transform:
  m_ObjectHideFlags: 0
  m_CorrespondingSourceObject: {fileID: 0}
  m_PrefabInstance: {fileID: 0}
  m_PrefabAsset: {fileID: 0}
  m_GameObject: {fileID: 19858731}
  m_LocalRotation: {x: 0.86532176, y: -0.0036070938, z: -0.003612339, w: 0.5011909}
  m_LocalPosition: {x: -0.08402339, y: -0.604, z: 0.29696837}
  m_LocalScale: {x: 1, y: 1, z: 1}
  m_Children: []
  m_Father: {fileID: 1727802330}
  m_RootOrder: 0
  m_LocalEulerAnglesHint: {x: 0, y: 0, z: 0}
--- !u!1 &67735031
GameObject:
  m_ObjectHideFlags: 0
  m_CorrespondingSourceObject: {fileID: 0}
  m_PrefabInstance: {fileID: 0}
  m_PrefabAsset: {fileID: 0}
  serializedVersion: 6
  m_Component:
  - component: {fileID: 67735032}
  m_Layer: 0
  m_Name: Hit
  m_TagString: Untagged
  m_Icon: {fileID: 0}
  m_NavMeshLayer: 0
  m_StaticEditorFlags: 0
  m_IsActive: 1
--- !u!4 &67735032
Transform:
  m_ObjectHideFlags: 0
  m_CorrespondingSourceObject: {fileID: 0}
  m_PrefabInstance: {fileID: 0}
  m_PrefabAsset: {fileID: 0}
  m_GameObject: {fileID: 67735031}
  m_LocalRotation: {x: -0, y: -0, z: -0, w: 1}
  m_LocalPosition: {x: -0.099975914, y: 0, z: 0}
  m_LocalScale: {x: 1, y: 1, z: 1}
  m_Children: []
  m_Father: {fileID: 1894469794}
  m_RootOrder: 1
  m_LocalEulerAnglesHint: {x: 0, y: 0, z: 0}
--- !u!1 &85162711 stripped
GameObject:
  m_CorrespondingSourceObject: {fileID: 160596, guid: dc06161b6d97feb419f45f03b62e14b9,
    type: 3}
  m_PrefabInstance: {fileID: 831399983}
  m_PrefabAsset: {fileID: 0}
--- !u!1 &124739279
GameObject:
  m_ObjectHideFlags: 0
  m_CorrespondingSourceObject: {fileID: 0}
  m_PrefabInstance: {fileID: 0}
  m_PrefabAsset: {fileID: 0}
  serializedVersion: 6
  m_Component:
  - component: {fileID: 124739280}
  m_Layer: 0
  m_Name: PuntosDerecho
  m_TagString: Untagged
  m_Icon: {fileID: 0}
  m_NavMeshLayer: 0
  m_StaticEditorFlags: 0
  m_IsActive: 1
--- !u!4 &124739280
Transform:
  m_ObjectHideFlags: 0
  m_CorrespondingSourceObject: {fileID: 0}
  m_PrefabInstance: {fileID: 0}
  m_PrefabAsset: {fileID: 0}
  m_GameObject: {fileID: 124739279}
  m_LocalRotation: {x: 0, y: 0, z: 0, w: 1}
  m_LocalPosition: {x: 516.83, y: 0.552, z: 581.341}
  m_LocalScale: {x: 1, y: 1, z: 1}
  m_Children: []
  m_Father: {fileID: 0}
  m_RootOrder: 8
  m_LocalEulerAnglesHint: {x: 0, y: 0, z: 0}
--- !u!1 &170621911
GameObject:
  m_ObjectHideFlags: 0
  m_CorrespondingSourceObject: {fileID: 0}
  m_PrefabInstance: {fileID: 0}
  m_PrefabAsset: {fileID: 0}
  serializedVersion: 6
  m_Component:
  - component: {fileID: 170621912}
  m_Layer: 0
  m_Name: Abajo (1)
  m_TagString: Untagged
  m_Icon: {fileID: 0}
  m_NavMeshLayer: 0
  m_StaticEditorFlags: 0
  m_IsActive: 1
--- !u!4 &170621912
Transform:
  m_ObjectHideFlags: 0
  m_CorrespondingSourceObject: {fileID: 0}
  m_PrefabInstance: {fileID: 0}
  m_PrefabAsset: {fileID: 0}
  m_GameObject: {fileID: 170621911}
  m_LocalRotation: {x: -0, y: -0, z: -0, w: 1}
  m_LocalPosition: {x: 0, y: 0, z: 0}
  m_LocalScale: {x: 1, y: 1, z: 1}
  m_Children:
  - {fileID: 769908043}
  - {fileID: 913470474}
  m_Father: {fileID: 1175198311}
  m_RootOrder: 2
  m_LocalEulerAnglesHint: {x: 0, y: 0, z: 0}
--- !u!1 &175012187
GameObject:
  m_ObjectHideFlags: 0
  m_CorrespondingSourceObject: {fileID: 0}
  m_PrefabInstance: {fileID: 0}
  m_PrefabAsset: {fileID: 0}
  serializedVersion: 6
  m_Component:
  - component: {fileID: 175012188}
  m_Layer: 0
  m_Name: Arriba
  m_TagString: Untagged
  m_Icon: {fileID: 0}
  m_NavMeshLayer: 0
  m_StaticEditorFlags: 0
  m_IsActive: 1
--- !u!4 &175012188
Transform:
  m_ObjectHideFlags: 0
  m_CorrespondingSourceObject: {fileID: 0}
  m_PrefabInstance: {fileID: 0}
  m_PrefabAsset: {fileID: 0}
  m_GameObject: {fileID: 175012187}
  m_LocalRotation: {x: 0, y: 0, z: 0, w: 1}
  m_LocalPosition: {x: 0, y: 0, z: 0}
  m_LocalScale: {x: 1, y: 1, z: 1}
  m_Children:
  - {fileID: 2009711228}
  - {fileID: 746972841}
  m_Father: {fileID: 712800216}
  m_RootOrder: 1
  m_LocalEulerAnglesHint: {x: 0, y: 0, z: 0}
--- !u!1 &176644398 stripped
GameObject:
  m_CorrespondingSourceObject: {fileID: 144230, guid: dc06161b6d97feb419f45f03b62e14b9,
    type: 3}
  m_PrefabInstance: {fileID: 831399983}
  m_PrefabAsset: {fileID: 0}
--- !u!1 &312645727
GameObject:
  m_ObjectHideFlags: 0
  m_CorrespondingSourceObject: {fileID: 0}
  m_PrefabInstance: {fileID: 0}
  m_PrefabAsset: {fileID: 0}
  serializedVersion: 6
  m_Component:
  - component: {fileID: 312645731}
  - component: {fileID: 312645730}
  - component: {fileID: 312645729}
  m_Layer: 0
  m_Name: Objectivo
  m_TagString: Untagged
  m_Icon: {fileID: 0}
  m_NavMeshLayer: 0
  m_StaticEditorFlags: 0
  m_IsActive: 1
--- !u!23 &312645729
MeshRenderer:
  m_ObjectHideFlags: 0
  m_CorrespondingSourceObject: {fileID: 0}
  m_PrefabInstance: {fileID: 0}
  m_PrefabAsset: {fileID: 0}
  m_GameObject: {fileID: 312645727}
  m_Enabled: 1
  m_CastShadows: 1
  m_ReceiveShadows: 1
  m_DynamicOccludee: 1
  m_MotionVectors: 1
  m_LightProbeUsage: 1
  m_ReflectionProbeUsage: 1
  m_RayTracingMode: 2
  m_RenderingLayerMask: 1
  m_RendererPriority: 0
  m_Materials:
  - {fileID: 2100000, guid: 7bbbe539974668d419315c9f170bc53d, type: 2}
  m_StaticBatchInfo:
    firstSubMesh: 0
    subMeshCount: 0
  m_StaticBatchRoot: {fileID: 0}
  m_ProbeAnchor: {fileID: 0}
  m_LightProbeVolumeOverride: {fileID: 0}
  m_ScaleInLightmap: 1
  m_ReceiveGI: 1
  m_PreserveUVs: 0
  m_IgnoreNormalsForChartDetection: 0
  m_ImportantGI: 0
  m_StitchLightmapSeams: 1
  m_SelectedEditorRenderState: 3
  m_MinimumChartSize: 4
  m_AutoUVMaxDistance: 0.5
  m_AutoUVMaxAngle: 89
  m_LightmapParameters: {fileID: 0}
  m_SortingLayerID: 0
  m_SortingLayer: 0
  m_SortingOrder: 0
--- !u!33 &312645730
MeshFilter:
  m_ObjectHideFlags: 0
  m_CorrespondingSourceObject: {fileID: 0}
  m_PrefabInstance: {fileID: 0}
  m_PrefabAsset: {fileID: 0}
  m_GameObject: {fileID: 312645727}
  m_Mesh: {fileID: 10202, guid: 0000000000000000e000000000000000, type: 0}
--- !u!4 &312645731
Transform:
  m_ObjectHideFlags: 0
  m_CorrespondingSourceObject: {fileID: 0}
  m_PrefabInstance: {fileID: 0}
  m_PrefabAsset: {fileID: 0}
  m_GameObject: {fileID: 312645727}
  m_LocalRotation: {x: 0, y: 0, z: 0, w: 1}
  m_LocalPosition: {x: 517.333, y: 5.42, z: 565.45}
  m_LocalScale: {x: 1, y: 1, z: 1}
  m_Children: []
  m_Father: {fileID: 0}
  m_RootOrder: 13
  m_LocalEulerAnglesHint: {x: 0, y: 0, z: 0}
--- !u!4 &417395103 stripped
Transform:
  m_CorrespondingSourceObject: {fileID: 2926607999676409298, guid: 8e0d9a7927a57754f96c09a4961389ff,
    type: 3}
  m_PrefabInstance: {fileID: 2926607999808541773}
  m_PrefabAsset: {fileID: 0}
--- !u!1 &431476170
GameObject:
  m_ObjectHideFlags: 0
  m_CorrespondingSourceObject: {fileID: 0}
  m_PrefabInstance: {fileID: 0}
  m_PrefabAsset: {fileID: 0}
  serializedVersion: 6
  m_Component:
  - component: {fileID: 431476171}
  m_Layer: 0
  m_Name: GameObject (1)
  m_TagString: Untagged
  m_Icon: {fileID: 0}
  m_NavMeshLayer: 0
  m_StaticEditorFlags: 0
  m_IsActive: 1
--- !u!4 &431476171
Transform:
  m_ObjectHideFlags: 0
  m_CorrespondingSourceObject: {fileID: 0}
  m_PrefabInstance: {fileID: 0}
  m_PrefabAsset: {fileID: 0}
  m_GameObject: {fileID: 431476170}
  m_LocalRotation: {x: 0, y: 0, z: 0, w: 1}
  m_LocalPosition: {x: 516.86, y: 0.552, z: 581.341}
  m_LocalScale: {x: 1, y: 1, z: 1}
  m_Children: []
  m_Father: {fileID: 0}
  m_RootOrder: 11
  m_LocalEulerAnglesHint: {x: 0, y: 0, z: 0}
--- !u!1 &463253148
GameObject:
  m_ObjectHideFlags: 0
  m_CorrespondingSourceObject: {fileID: 0}
  m_PrefabInstance: {fileID: 0}
  m_PrefabAsset: {fileID: 0}
  serializedVersion: 6
  m_Component:
  - component: {fileID: 463253149}
  m_Layer: 0
  m_Name: Hit (1)
  m_TagString: Untagged
  m_Icon: {fileID: 0}
  m_NavMeshLayer: 0
  m_StaticEditorFlags: 0
  m_IsActive: 1
--- !u!4 &463253149
Transform:
  m_ObjectHideFlags: 0
  m_CorrespondingSourceObject: {fileID: 0}
  m_PrefabInstance: {fileID: 0}
  m_PrefabAsset: {fileID: 0}
  m_GameObject: {fileID: 463253148}
  m_LocalRotation: {x: -0, y: -0, z: -0, w: 1}
  m_LocalPosition: {x: -0.099975914, y: 0, z: 0}
  m_LocalScale: {x: 1, y: 1, z: 1}
  m_Children: []
  m_Father: {fileID: 1727802330}
  m_RootOrder: 1
  m_LocalEulerAnglesHint: {x: 0, y: 0, z: 0}
--- !u!1 &614925274
GameObject:
  m_ObjectHideFlags: 0
  m_CorrespondingSourceObject: {fileID: 0}
  m_PrefabInstance: {fileID: 0}
  m_PrefabAsset: {fileID: 0}
  serializedVersion: 6
  m_Component:
  - component: {fileID: 614925275}
  m_Layer: 0
  m_Name: Tarjet
  m_TagString: Untagged
  m_Icon: {fileID: 0}
  m_NavMeshLayer: 0
  m_StaticEditorFlags: 0
  m_IsActive: 1
--- !u!4 &614925275
Transform:
  m_ObjectHideFlags: 0
  m_CorrespondingSourceObject: {fileID: 0}
  m_PrefabInstance: {fileID: 0}
  m_PrefabAsset: {fileID: 0}
  m_GameObject: {fileID: 614925274}
  m_LocalRotation: {x: 0.86532176, y: -0.0036070938, z: -0.003612339, w: 0.5011909}
  m_LocalPosition: {x: 0.08402339, y: -0.604, z: 0.29696837}
  m_LocalScale: {x: 1, y: 1, z: 1}
  m_Children: []
  m_Father: {fileID: 1473478103}
  m_RootOrder: 0
  m_LocalEulerAnglesHint: {x: 0, y: 0, z: 0}
--- !u!1 &705507993
GameObject:
  m_ObjectHideFlags: 0
  m_CorrespondingSourceObject: {fileID: 0}
  m_PrefabInstance: {fileID: 0}
  m_PrefabAsset: {fileID: 0}
  serializedVersion: 6
  m_Component:
  - component: {fileID: 705507995}
  - component: {fileID: 705507994}
  m_Layer: 0
  m_Name: Directional Light
  m_TagString: Untagged
  m_Icon: {fileID: 0}
  m_NavMeshLayer: 0
  m_StaticEditorFlags: 0
  m_IsActive: 1
--- !u!108 &705507994
Light:
  m_ObjectHideFlags: 0
  m_CorrespondingSourceObject: {fileID: 0}
  m_PrefabInstance: {fileID: 0}
  m_PrefabAsset: {fileID: 0}
  m_GameObject: {fileID: 705507993}
  m_Enabled: 1
  serializedVersion: 10
  m_Type: 1
  m_Shape: 0
  m_Color: {r: 1, g: 0.95686275, b: 0.8392157, a: 1}
  m_Intensity: 1
  m_Range: 10
  m_SpotAngle: 30
  m_InnerSpotAngle: 21.80208
  m_CookieSize: 10
  m_Shadows:
    m_Type: 2
    m_Resolution: -1
    m_CustomResolution: -1
    m_Strength: 1
    m_Bias: 0.05
    m_NormalBias: 0.4
    m_NearPlane: 0.2
    m_CullingMatrixOverride:
      e00: 1
      e01: 0
      e02: 0
      e03: 0
      e10: 0
      e11: 1
      e12: 0
      e13: 0
      e20: 0
      e21: 0
      e22: 1
      e23: 0
      e30: 0
      e31: 0
      e32: 0
      e33: 1
    m_UseCullingMatrixOverride: 0
  m_Cookie: {fileID: 0}
  m_DrawHalo: 0
  m_Flare: {fileID: 0}
  m_RenderMode: 0
  m_CullingMask:
    serializedVersion: 2
    m_Bits: 4294967295
  m_RenderingLayerMask: 1
  m_Lightmapping: 1
  m_LightShadowCasterMode: 0
  m_AreaSize: {x: 1, y: 1}
  m_BounceIntensity: 1
  m_ColorTemperature: 6570
  m_UseColorTemperature: 0
  m_BoundingSphereOverride: {x: 0, y: 0, z: 0, w: 0}
  m_UseBoundingSphereOverride: 0
  m_ShadowRadius: 0
  m_ShadowAngle: 0
--- !u!4 &705507995
Transform:
  m_ObjectHideFlags: 0
  m_CorrespondingSourceObject: {fileID: 0}
  m_PrefabInstance: {fileID: 0}
  m_PrefabAsset: {fileID: 0}
  m_GameObject: {fileID: 705507993}
  m_LocalRotation: {x: 0.9317458, y: -0.25243932, z: 0.057110354, w: 0.254681}
  m_LocalPosition: {x: 0, y: 3, z: 0}
  m_LocalScale: {x: 1, y: 1.0000001, z: 1.0000004}
  m_Children: []
  m_Father: {fileID: 0}
  m_RootOrder: 5
  m_LocalEulerAnglesHint: {x: 149.773, y: 1.469986, z: 30.715988}
--- !u!1 &712800214
GameObject:
  m_ObjectHideFlags: 0
  m_CorrespondingSourceObject: {fileID: 0}
  m_PrefabInstance: {fileID: 0}
  m_PrefabAsset: {fileID: 0}
  serializedVersion: 6
  m_Component:
  - component: {fileID: 712800216}
  - component: {fileID: 712800215}
  m_Layer: 0
  m_Name: Right Leg
  m_TagString: Untagged
  m_Icon: {fileID: 0}
  m_NavMeshLayer: 0
  m_StaticEditorFlags: 0
  m_IsActive: 1
--- !u!114 &712800215
MonoBehaviour:
  m_ObjectHideFlags: 0
  m_CorrespondingSourceObject: {fileID: 0}
  m_PrefabInstance: {fileID: 0}
  m_PrefabAsset: {fileID: 0}
  m_GameObject: {fileID: 712800214}
  m_Enabled: 1
  m_EditorHideFlags: 0
  m_Script: {fileID: 11500000, guid: 70b342d8ce5c2fd48b8fa3147d48d1d1, type: 3}
  m_Name: 
  m_EditorClassIdentifier: 
  m_Weight: 0
  m_Effectors: []
--- !u!4 &712800216
Transform:
  m_ObjectHideFlags: 0
  m_CorrespondingSourceObject: {fileID: 0}
  m_PrefabInstance: {fileID: 0}
  m_PrefabAsset: {fileID: 0}
  m_GameObject: {fileID: 712800214}
  m_LocalRotation: {x: 0, y: 0, z: 0, w: 1}
  m_LocalPosition: {x: 0, y: 0, z: 0}
  m_LocalScale: {x: 1, y: 1, z: 1}
  m_Children:
  - {fileID: 1473478103}
  - {fileID: 175012188}
  - {fileID: 866894218}
  m_Father: {fileID: 840380512}
  m_RootOrder: 5
  m_LocalEulerAnglesHint: {x: 0, y: 0, z: 0}
--- !u!1 &746972840
GameObject:
  m_ObjectHideFlags: 0
  m_CorrespondingSourceObject: {fileID: 0}
  m_PrefabInstance: {fileID: 0}
  m_PrefabAsset: {fileID: 0}
  serializedVersion: 6
  m_Component:
  - component: {fileID: 746972841}
  m_Layer: 0
  m_Name: Hit (1)
  m_TagString: Untagged
  m_Icon: {fileID: 0}
  m_NavMeshLayer: 0
  m_StaticEditorFlags: 0
  m_IsActive: 1
--- !u!4 &746972841
Transform:
  m_ObjectHideFlags: 0
  m_CorrespondingSourceObject: {fileID: 0}
  m_PrefabInstance: {fileID: 0}
  m_PrefabAsset: {fileID: 0}
  m_GameObject: {fileID: 746972840}
  m_LocalRotation: {x: -0, y: -0, z: -0, w: 1}
  m_LocalPosition: {x: 0.09997591, y: 0, z: 0}
  m_LocalScale: {x: 1, y: 1, z: 1}
  m_Children: []
  m_Father: {fileID: 175012188}
  m_RootOrder: 1
  m_LocalEulerAnglesHint: {x: 0, y: 0, z: 0}
--- !u!1 &769908042
GameObject:
  m_ObjectHideFlags: 0
  m_CorrespondingSourceObject: {fileID: 0}
  m_PrefabInstance: {fileID: 0}
  m_PrefabAsset: {fileID: 0}
  serializedVersion: 6
  m_Component:
  - component: {fileID: 769908043}
  m_Layer: 0
  m_Name: Tarjet (1)
  m_TagString: Untagged
  m_Icon: {fileID: 0}
  m_NavMeshLayer: 0
  m_StaticEditorFlags: 0
  m_IsActive: 1
--- !u!4 &769908043
Transform:
  m_ObjectHideFlags: 0
  m_CorrespondingSourceObject: {fileID: 0}
  m_PrefabInstance: {fileID: 0}
  m_PrefabAsset: {fileID: 0}
  m_GameObject: {fileID: 769908042}
  m_LocalRotation: {x: 0.9641298, y: 0.076671176, z: 0.049496375, w: -0.24924952}
  m_LocalPosition: {x: -0.1559716, y: -0.61100006, z: -0.9049909}
  m_LocalScale: {x: 1, y: 1, z: 1}
  m_Children: []
  m_Father: {fileID: 170621912}
  m_RootOrder: 0
  m_LocalEulerAnglesHint: {x: 209.223, y: -3.7589722, z: -8.112976}
--- !u!1001 &831399983
PrefabInstance:
  m_ObjectHideFlags: 0
  serializedVersion: 2
  m_Modification:
    m_TransformParent: {fileID: 0}
    m_Modifications:
    - target: {fileID: 107946, guid: dc06161b6d97feb419f45f03b62e14b9, type: 3}
      propertyPath: m_Name
      value: Player
      objectReference: {fileID: 0}
    - target: {fileID: 447954, guid: dc06161b6d97feb419f45f03b62e14b9, type: 3}
      propertyPath: m_RootOrder
      value: 2
      objectReference: {fileID: 0}
    - target: {fileID: 447954, guid: dc06161b6d97feb419f45f03b62e14b9, type: 3}
      propertyPath: m_LocalPosition.x
      value: 518.76013
      objectReference: {fileID: 0}
    - target: {fileID: 447954, guid: dc06161b6d97feb419f45f03b62e14b9, type: 3}
      propertyPath: m_LocalPosition.y
      value: 1.72
      objectReference: {fileID: 0}
    - target: {fileID: 447954, guid: dc06161b6d97feb419f45f03b62e14b9, type: 3}
      propertyPath: m_LocalPosition.z
      value: 585.69
      objectReference: {fileID: 0}
    - target: {fileID: 447954, guid: dc06161b6d97feb419f45f03b62e14b9, type: 3}
      propertyPath: m_LocalRotation.w
      value: 0
      objectReference: {fileID: 0}
    - target: {fileID: 447954, guid: dc06161b6d97feb419f45f03b62e14b9, type: 3}
      propertyPath: m_LocalRotation.x
      value: 0
      objectReference: {fileID: 0}
    - target: {fileID: 447954, guid: dc06161b6d97feb419f45f03b62e14b9, type: 3}
      propertyPath: m_LocalRotation.y
      value: 1
      objectReference: {fileID: 0}
    - target: {fileID: 447954, guid: dc06161b6d97feb419f45f03b62e14b9, type: 3}
      propertyPath: m_LocalRotation.z
      value: 0
      objectReference: {fileID: 0}
    - target: {fileID: 447954, guid: dc06161b6d97feb419f45f03b62e14b9, type: 3}
      propertyPath: m_LocalEulerAnglesHint.x
      value: 0
      objectReference: {fileID: 0}
    - target: {fileID: 447954, guid: dc06161b6d97feb419f45f03b62e14b9, type: 3}
      propertyPath: m_LocalEulerAnglesHint.y
      value: 180
      objectReference: {fileID: 0}
    - target: {fileID: 447954, guid: dc06161b6d97feb419f45f03b62e14b9, type: 3}
      propertyPath: m_LocalEulerAnglesHint.z
      value: 0
      objectReference: {fileID: 0}
    m_RemovedComponents: []
  m_SourcePrefab: {fileID: 100100000, guid: dc06161b6d97feb419f45f03b62e14b9, type: 3}
--- !u!1 &840380509 stripped
GameObject:
  m_CorrespondingSourceObject: {fileID: 5743144352055145258, guid: 6abe9c12e2b569f4e8aa5cf5b352e902,
    type: 3}
  m_PrefabInstance: {fileID: 2055192549}
  m_PrefabAsset: {fileID: 0}
--- !u!4 &840380512 stripped
Transform:
  m_CorrespondingSourceObject: {fileID: 5743144352055145262, guid: 6abe9c12e2b569f4e8aa5cf5b352e902,
    type: 3}
  m_PrefabInstance: {fileID: 2055192549}
  m_PrefabAsset: {fileID: 0}
--- !u!114 &840380513
MonoBehaviour:
  m_ObjectHideFlags: 0
  m_CorrespondingSourceObject: {fileID: 0}
  m_PrefabInstance: {fileID: 0}
  m_PrefabAsset: {fileID: 0}
  m_GameObject: {fileID: 840380509}
  m_Enabled: 1
  m_EditorHideFlags: 0
  m_Script: {fileID: 11500000, guid: 7f7def20ef8d9cd4bbd2b1a10b4405d6, type: 3}
  m_Name: 
  m_EditorClassIdentifier: 
  Left: {fileID: 1175198310}
  Right: {fileID: 712800215}
  RightTarjet: {fileID: 614925275}
  LeftTarjet: {fileID: 865181959}
  UpLeftTarjet: {fileID: 2009711228}
  DownLeftTarjet: {fileID: 2043316641}
  UpRightTarjet: {fileID: 19858732}
  DownRightTarjet: {fileID: 769908043}
  tiempo: 1
  ArrAb: 1
  cambio: 1
  toco: 0
--- !u!4 &863697596 stripped
Transform:
  m_CorrespondingSourceObject: {fileID: 7893569174373058689, guid: 6abe9c12e2b569f4e8aa5cf5b352e902,
    type: 3}
  m_PrefabInstance: {fileID: 2055192549}
  m_PrefabAsset: {fileID: 0}
--- !u!1 &865181958
GameObject:
  m_ObjectHideFlags: 0
  m_CorrespondingSourceObject: {fileID: 0}
  m_PrefabInstance: {fileID: 0}
  m_PrefabAsset: {fileID: 0}
  serializedVersion: 6
  m_Component:
  - component: {fileID: 865181959}
  m_Layer: 0
  m_Name: Tarjet
  m_TagString: Untagged
  m_Icon: {fileID: 0}
  m_NavMeshLayer: 0
  m_StaticEditorFlags: 0
  m_IsActive: 1
--- !u!4 &865181959
Transform:
  m_ObjectHideFlags: 0
  m_CorrespondingSourceObject: {fileID: 0}
  m_PrefabInstance: {fileID: 0}
  m_PrefabAsset: {fileID: 0}
  m_GameObject: {fileID: 865181958}
  m_LocalRotation: {x: 0.86532176, y: -0.0036070938, z: -0.003612339, w: 0.5011909}
  m_LocalPosition: {x: -0.08402339, y: -0.604, z: 0.29696837}
  m_LocalScale: {x: 1, y: 1, z: 1}
  m_Children: []
  m_Father: {fileID: 1894469794}
  m_RootOrder: 0
  m_LocalEulerAnglesHint: {x: 0, y: 0, z: 0}
--- !u!1 &866894217
GameObject:
  m_ObjectHideFlags: 0
  m_CorrespondingSourceObject: {fileID: 0}
  m_PrefabInstance: {fileID: 0}
  m_PrefabAsset: {fileID: 0}
  serializedVersion: 6
  m_Component:
  - component: {fileID: 866894218}
  m_Layer: 0
  m_Name: Abajo
  m_TagString: Untagged
  m_Icon: {fileID: 0}
  m_NavMeshLayer: 0
  m_StaticEditorFlags: 0
  m_IsActive: 1
--- !u!4 &866894218
Transform:
  m_ObjectHideFlags: 0
  m_CorrespondingSourceObject: {fileID: 0}
  m_PrefabInstance: {fileID: 0}
  m_PrefabAsset: {fileID: 0}
  m_GameObject: {fileID: 866894217}
  m_LocalRotation: {x: 0, y: 0, z: 0, w: 1}
  m_LocalPosition: {x: 0, y: 0, z: 0}
  m_LocalScale: {x: 1, y: 1, z: 1}
  m_Children:
  - {fileID: 2043316641}
  - {fileID: 1716338436}
  m_Father: {fileID: 712800216}
  m_RootOrder: 2
  m_LocalEulerAnglesHint: {x: 0, y: 0, z: 0}
--- !u!1 &913470473
GameObject:
  m_ObjectHideFlags: 0
  m_CorrespondingSourceObject: {fileID: 0}
  m_PrefabInstance: {fileID: 0}
  m_PrefabAsset: {fileID: 0}
  serializedVersion: 6
  m_Component:
  - component: {fileID: 913470474}
  m_Layer: 0
  m_Name: Hit (1)
  m_TagString: Untagged
  m_Icon: {fileID: 0}
  m_NavMeshLayer: 0
  m_StaticEditorFlags: 0
  m_IsActive: 1
--- !u!4 &913470474
Transform:
  m_ObjectHideFlags: 0
  m_CorrespondingSourceObject: {fileID: 0}
  m_PrefabInstance: {fileID: 0}
  m_PrefabAsset: {fileID: 0}
  m_GameObject: {fileID: 913470473}
  m_LocalRotation: {x: 0.9995214, y: -0.010463921, z: -0.010463684, w: -0.027166992}
  m_LocalPosition: {x: -0.05302262, y: -0.48314607, z: -0.003800936}
  m_LocalScale: {x: 1, y: 1, z: 1}
  m_Children: []
  m_Father: {fileID: 170621912}
  m_RootOrder: 1
  m_LocalEulerAnglesHint: {x: 0, y: 0, z: 0}
--- !u!1 &955075374
GameObject:
  m_ObjectHideFlags: 0
  m_CorrespondingSourceObject: {fileID: 0}
  m_PrefabInstance: {fileID: 0}
  m_PrefabAsset: {fileID: 0}
  serializedVersion: 6
  m_Component:
  - component: {fileID: 955075375}
  m_Layer: 0
  m_Name: PuntosIzquierdo
  m_TagString: Untagged
  m_Icon: {fileID: 0}
  m_NavMeshLayer: 0
  m_StaticEditorFlags: 0
  m_IsActive: 1
--- !u!4 &955075375
Transform:
  m_ObjectHideFlags: 0
  m_CorrespondingSourceObject: {fileID: 0}
  m_PrefabInstance: {fileID: 0}
  m_PrefabAsset: {fileID: 0}
  m_GameObject: {fileID: 955075374}
  m_LocalRotation: {x: 0, y: 0, z: 0, w: 1}
  m_LocalPosition: {x: 516.83, y: 0.552, z: 581.341}
  m_LocalScale: {x: 1, y: 1, z: 1}
  m_Children: []
  m_Father: {fileID: 0}
  m_RootOrder: 7
  m_LocalEulerAnglesHint: {x: 0, y: 0, z: 0}
--- !u!4 &980537296 stripped
Transform:
  m_CorrespondingSourceObject: {fileID: 7893569174373058753, guid: 6abe9c12e2b569f4e8aa5cf5b352e902,
    type: 3}
  m_PrefabInstance: {fileID: 2055192549}
  m_PrefabAsset: {fileID: 0}
--- !u!1 &999326738
GameObject:
  m_ObjectHideFlags: 0
  m_CorrespondingSourceObject: {fileID: 0}
  m_PrefabInstance: {fileID: 0}
  m_PrefabAsset: {fileID: 0}
  serializedVersion: 6
  m_Component:
  - component: {fileID: 999326739}
  m_Layer: 0
  m_Name: Hit
  m_TagString: Untagged
  m_Icon: {fileID: 0}
  m_NavMeshLayer: 0
  m_StaticEditorFlags: 0
  m_IsActive: 1
--- !u!4 &999326739
Transform:
  m_ObjectHideFlags: 0
  m_CorrespondingSourceObject: {fileID: 0}
  m_PrefabInstance: {fileID: 0}
  m_PrefabAsset: {fileID: 0}
  m_GameObject: {fileID: 999326738}
  m_LocalRotation: {x: -0, y: -0, z: -0, w: 1}
  m_LocalPosition: {x: 0.09997591, y: 0, z: 0}
  m_LocalScale: {x: 1, y: 1, z: 1}
  m_Children: []
  m_Father: {fileID: 1473478103}
  m_RootOrder: 1
  m_LocalEulerAnglesHint: {x: 0, y: 0, z: 0}
--- !u!1 &1104091941 stripped
GameObject:
  m_CorrespondingSourceObject: {fileID: 6684924393206337764, guid: cd88633ae1069c14a81c1c30134bbd1c,
    type: 3}
  m_PrefabInstance: {fileID: 6684924394267429825}
  m_PrefabAsset: {fileID: 0}
--- !u!1 &1175198309
GameObject:
  m_ObjectHideFlags: 0
  m_CorrespondingSourceObject: {fileID: 0}
  m_PrefabInstance: {fileID: 0}
  m_PrefabAsset: {fileID: 0}
  serializedVersion: 6
  m_Component:
  - component: {fileID: 1175198311}
  - component: {fileID: 1175198310}
  m_Layer: 0
  m_Name: Left Leg
  m_TagString: Untagged
  m_Icon: {fileID: 0}
  m_NavMeshLayer: 0
  m_StaticEditorFlags: 0
  m_IsActive: 1
--- !u!114 &1175198310
MonoBehaviour:
  m_ObjectHideFlags: 0
  m_CorrespondingSourceObject: {fileID: 0}
  m_PrefabInstance: {fileID: 0}
  m_PrefabAsset: {fileID: 0}
  m_GameObject: {fileID: 1175198309}
  m_Enabled: 1
  m_EditorHideFlags: 0
  m_Script: {fileID: 11500000, guid: 70b342d8ce5c2fd48b8fa3147d48d1d1, type: 3}
  m_Name: 
  m_EditorClassIdentifier: 
  m_Weight: 0
  m_Effectors: []
--- !u!4 &1175198311
Transform:
  m_ObjectHideFlags: 0
  m_CorrespondingSourceObject: {fileID: 0}
  m_PrefabInstance: {fileID: 0}
  m_PrefabAsset: {fileID: 0}
  m_GameObject: {fileID: 1175198309}
  m_LocalRotation: {x: 0, y: 0, z: 0, w: 1}
  m_LocalPosition: {x: 0, y: 0, z: 0}
  m_LocalScale: {x: 1, y: 1, z: 1}
  m_Children:
  - {fileID: 1894469794}
  - {fileID: 1727802330}
  - {fileID: 170621912}
  m_Father: {fileID: 840380512}
  m_RootOrder: 4
  m_LocalEulerAnglesHint: {x: 0, y: 0, z: 0}
--- !u!4 &1203742603 stripped
Transform:
  m_CorrespondingSourceObject: {fileID: 7893569174373058745, guid: 6abe9c12e2b569f4e8aa5cf5b352e902,
    type: 3}
  m_PrefabInstance: {fileID: 2055192549}
  m_PrefabAsset: {fileID: 0}
--- !u!4 &1304668259 stripped
Transform:
  m_CorrespondingSourceObject: {fileID: 2926607998923324462, guid: 8e0d9a7927a57754f96c09a4961389ff,
    type: 3}
  m_PrefabInstance: {fileID: 2926607999808541773}
  m_PrefabAsset: {fileID: 0}
--- !u!4 &1407881302 stripped
Transform:
  m_CorrespondingSourceObject: {fileID: 7893569174373058761, guid: 6abe9c12e2b569f4e8aa5cf5b352e902,
    type: 3}
  m_PrefabInstance: {fileID: 2055192549}
  m_PrefabAsset: {fileID: 0}
--- !u!1 &1473478102
GameObject:
  m_ObjectHideFlags: 0
  m_CorrespondingSourceObject: {fileID: 0}
  m_PrefabInstance: {fileID: 0}
  m_PrefabAsset: {fileID: 0}
  serializedVersion: 6
  m_Component:
  - component: {fileID: 1473478103}
  - component: {fileID: 1473478104}
  m_Layer: 0
  m_Name: Right
  m_TagString: Untagged
  m_Icon: {fileID: 0}
  m_NavMeshLayer: 0
  m_StaticEditorFlags: 0
  m_IsActive: 1
--- !u!4 &1473478103
Transform:
  m_ObjectHideFlags: 0
  m_CorrespondingSourceObject: {fileID: 0}
  m_PrefabInstance: {fileID: 0}
  m_PrefabAsset: {fileID: 0}
  m_GameObject: {fileID: 1473478102}
  m_LocalRotation: {x: 0, y: 0, z: 0, w: 1}
  m_LocalPosition: {x: 0, y: 0, z: 0}
  m_LocalScale: {x: 1, y: 1, z: 1}
  m_Children:
  - {fileID: 614925275}
  - {fileID: 999326739}
  m_Father: {fileID: 712800216}
  m_RootOrder: 0
  m_LocalEulerAnglesHint: {x: 0, y: 0, z: 0}
--- !u!114 &1473478104
MonoBehaviour:
  m_ObjectHideFlags: 0
  m_CorrespondingSourceObject: {fileID: 0}
  m_PrefabInstance: {fileID: 0}
  m_PrefabAsset: {fileID: 0}
  m_GameObject: {fileID: 1473478102}
  m_Enabled: 1
  m_EditorHideFlags: 0
  m_Script: {fileID: 11500000, guid: aeda7bfbf984f2a4da5ab4b8967b115d, type: 3}
  m_Name: 
  m_EditorClassIdentifier: 
  m_Weight: 1
  m_Data:
    m_Root: {fileID: 980537296}
    m_Mid: {fileID: 2036183696}
    m_Tip: {fileID: 1407881302}
    m_Target: {fileID: 614925275}
    m_Hint: {fileID: 999326739}
    m_TargetPositionWeight: 1
    m_TargetRotationWeight: 1
    m_HintWeight: 1
    m_MaintainTargetPositionOffset: 0
    m_MaintainTargetRotationOffset: 0
  m_SourceObjectsGUIToggle: 1
  m_SettingsGUIToggle: 0
--- !u!4 &1609386640 stripped
Transform:
  m_CorrespondingSourceObject: {fileID: 7893569174373058695, guid: 6abe9c12e2b569f4e8aa5cf5b352e902,
    type: 3}
  m_PrefabInstance: {fileID: 2055192549}
  m_PrefabAsset: {fileID: 0}
--- !u!1 &1716338435
GameObject:
  m_ObjectHideFlags: 0
  m_CorrespondingSourceObject: {fileID: 0}
  m_PrefabInstance: {fileID: 0}
  m_PrefabAsset: {fileID: 0}
  serializedVersion: 6
  m_Component:
  - component: {fileID: 1716338436}
  m_Layer: 0
  m_Name: Hit (1)
  m_TagString: Untagged
  m_Icon: {fileID: 0}
  m_NavMeshLayer: 0
  m_StaticEditorFlags: 0
  m_IsActive: 1
--- !u!4 &1716338436
Transform:
  m_ObjectHideFlags: 0
  m_CorrespondingSourceObject: {fileID: 0}
  m_PrefabInstance: {fileID: 0}
  m_PrefabAsset: {fileID: 0}
  m_GameObject: {fileID: 1716338435}
  m_LocalRotation: {x: 0.9995214, y: -0.010463921, z: -0.010463684, w: -0.027166992}
  m_LocalPosition: {x: 0.05302262, y: -0.48314607, z: -0.003800936}
  m_LocalScale: {x: 1, y: 1, z: 1}
  m_Children: []
  m_Father: {fileID: 866894218}
  m_RootOrder: 1
  m_LocalEulerAnglesHint: {x: 0, y: 0, z: 0}
--- !u!1 &1727802329
GameObject:
  m_ObjectHideFlags: 0
  m_CorrespondingSourceObject: {fileID: 0}
  m_PrefabInstance: {fileID: 0}
  m_PrefabAsset: {fileID: 0}
  serializedVersion: 6
  m_Component:
  - component: {fileID: 1727802330}
  m_Layer: 0
  m_Name: Arriba (1)
  m_TagString: Untagged
  m_Icon: {fileID: 0}
  m_NavMeshLayer: 0
  m_StaticEditorFlags: 0
  m_IsActive: 1
--- !u!4 &1727802330
Transform:
  m_ObjectHideFlags: 0
  m_CorrespondingSourceObject: {fileID: 0}
  m_PrefabInstance: {fileID: 0}
  m_PrefabAsset: {fileID: 0}
  m_GameObject: {fileID: 1727802329}
  m_LocalRotation: {x: -0, y: -0, z: -0, w: 1}
  m_LocalPosition: {x: 0, y: 0, z: 0}
  m_LocalScale: {x: 1, y: 1, z: 1}
  m_Children:
  - {fileID: 19858732}
  - {fileID: 463253149}
  m_Father: {fileID: 1175198311}
  m_RootOrder: 1
  m_LocalEulerAnglesHint: {x: 0, y: 0, z: 0}
--- !u!1 &1799709686
GameObject:
  m_ObjectHideFlags: 0
  m_CorrespondingSourceObject: {fileID: 0}
  m_PrefabInstance: {fileID: 0}
  m_PrefabAsset: {fileID: 0}
  serializedVersion: 6
  m_Component:
  - component: {fileID: 1799709687}
  - component: {fileID: 1799709688}
  m_Layer: 0
  m_Name: PuntoInicialJugador
  m_TagString: Untagged
  m_Icon: {fileID: 0}
  m_NavMeshLayer: 0
  m_StaticEditorFlags: 0
  m_IsActive: 1
--- !u!4 &1799709687
Transform:
  m_ObjectHideFlags: 0
  m_CorrespondingSourceObject: {fileID: 0}
  m_PrefabInstance: {fileID: 0}
  m_PrefabAsset: {fileID: 0}
  m_GameObject: {fileID: 1799709686}
  m_LocalRotation: {x: 0, y: 0, z: 0, w: 1}
  m_LocalPosition: {x: 517.38, y: 1.91, z: 570.64}
  m_LocalScale: {x: 1, y: 1, z: 3.2252004}
  m_Children: []
  m_Father: {fileID: 0}
  m_RootOrder: 4
  m_LocalEulerAnglesHint: {x: 0, y: 0, z: 0}
--- !u!65 &1799709688
BoxCollider:
  m_ObjectHideFlags: 0
  m_CorrespondingSourceObject: {fileID: 0}
  m_PrefabInstance: {fileID: 0}
  m_PrefabAsset: {fileID: 0}
  m_GameObject: {fileID: 1799709686}
  m_Material: {fileID: 0}
  m_IsTrigger: 1
  m_Enabled: 1
  serializedVersion: 2
  m_Size: {x: 1, y: 1, z: 1}
  m_Center: {x: 0, y: 0, z: 0}
--- !u!1 &1893540443
GameObject:
  m_ObjectHideFlags: 0
  m_CorrespondingSourceObject: {fileID: 0}
  m_PrefabInstance: {fileID: 0}
  m_PrefabAsset: {fileID: 0}
  serializedVersion: 6
  m_Component:
  - component: {fileID: 1893540444}
  m_Layer: 0
  m_Name: GameObject (2)
  m_TagString: Untagged
  m_Icon: {fileID: 0}
  m_NavMeshLayer: 0
  m_StaticEditorFlags: 0
  m_IsActive: 1
--- !u!4 &1893540444
Transform:
  m_ObjectHideFlags: 0
  m_CorrespondingSourceObject: {fileID: 0}
  m_PrefabInstance: {fileID: 0}
  m_PrefabAsset: {fileID: 0}
  m_GameObject: {fileID: 1893540443}
  m_LocalRotation: {x: 0, y: 0, z: 0, w: 1}
  m_LocalPosition: {x: 516.5, y: 0.552, z: 581.341}
  m_LocalScale: {x: 1, y: 1, z: 1}
  m_Children: []
  m_Father: {fileID: 0}
  m_RootOrder: 12
  m_LocalEulerAnglesHint: {x: 0, y: 0, z: 0}
--- !u!1 &1894469793
GameObject:
  m_ObjectHideFlags: 0
  m_CorrespondingSourceObject: {fileID: 0}
  m_PrefabInstance: {fileID: 0}
  m_PrefabAsset: {fileID: 0}
  serializedVersion: 6
  m_Component:
  - component: {fileID: 1894469794}
  - component: {fileID: 1894469795}
  m_Layer: 0
  m_Name: Left
  m_TagString: Untagged
  m_Icon: {fileID: 0}
  m_NavMeshLayer: 0
  m_StaticEditorFlags: 0
  m_IsActive: 1
--- !u!4 &1894469794
Transform:
  m_ObjectHideFlags: 0
  m_CorrespondingSourceObject: {fileID: 0}
  m_PrefabInstance: {fileID: 0}
  m_PrefabAsset: {fileID: 0}
  m_GameObject: {fileID: 1894469793}
  m_LocalRotation: {x: 0, y: 0, z: 0, w: 1}
  m_LocalPosition: {x: 0, y: 0, z: 0}
  m_LocalScale: {x: 1, y: 1, z: 1}
  m_Children:
  - {fileID: 865181959}
  - {fileID: 67735032}
  m_Father: {fileID: 1175198311}
  m_RootOrder: 0
  m_LocalEulerAnglesHint: {x: 0, y: 0, z: 0}
--- !u!114 &1894469795
MonoBehaviour:
  m_ObjectHideFlags: 0
  m_CorrespondingSourceObject: {fileID: 0}
  m_PrefabInstance: {fileID: 0}
  m_PrefabAsset: {fileID: 0}
  m_GameObject: {fileID: 1894469793}
  m_Enabled: 1
  m_EditorHideFlags: 0
  m_Script: {fileID: 11500000, guid: aeda7bfbf984f2a4da5ab4b8967b115d, type: 3}
  m_Name: 
  m_EditorClassIdentifier: 
  m_Weight: 1
  m_Data:
    m_Root: {fileID: 1203742603}
    m_Mid: {fileID: 1609386640}
    m_Tip: {fileID: 863697596}
    m_Target: {fileID: 865181959}
    m_Hint: {fileID: 67735032}
    m_TargetPositionWeight: 1
    m_TargetRotationWeight: 1
    m_HintWeight: 1
    m_MaintainTargetPositionOffset: 0
    m_MaintainTargetRotationOffset: 0
  m_SourceObjectsGUIToggle: 1
  m_SettingsGUIToggle: 0
--- !u!1 &2009711227
GameObject:
  m_ObjectHideFlags: 0
  m_CorrespondingSourceObject: {fileID: 0}
  m_PrefabInstance: {fileID: 0}
  m_PrefabAsset: {fileID: 0}
  serializedVersion: 6
  m_Component:
  - component: {fileID: 2009711228}
  m_Layer: 0
  m_Name: Tarjet (1)
  m_TagString: Untagged
  m_Icon: {fileID: 0}
  m_NavMeshLayer: 0
  m_StaticEditorFlags: 0
  m_IsActive: 1
--- !u!4 &2009711228
Transform:
  m_ObjectHideFlags: 0
  m_CorrespondingSourceObject: {fileID: 0}
  m_PrefabInstance: {fileID: 0}
  m_PrefabAsset: {fileID: 0}
  m_GameObject: {fileID: 2009711227}
  m_LocalRotation: {x: 0.86532176, y: -0.0036070938, z: -0.003612339, w: 0.5011909}
  m_LocalPosition: {x: 0.08402339, y: -0.604, z: 0.29696837}
  m_LocalScale: {x: 1, y: 1, z: 1}
  m_Children: []
  m_Father: {fileID: 175012188}
  m_RootOrder: 0
  m_LocalEulerAnglesHint: {x: 0, y: 0, z: 0}
--- !u!4 &2036183696 stripped
Transform:
  m_CorrespondingSourceObject: {fileID: 7893569174373058767, guid: 6abe9c12e2b569f4e8aa5cf5b352e902,
    type: 3}
  m_PrefabInstance: {fileID: 2055192549}
  m_PrefabAsset: {fileID: 0}
--- !u!1 &2043316640
GameObject:
  m_ObjectHideFlags: 0
  m_CorrespondingSourceObject: {fileID: 0}
  m_PrefabInstance: {fileID: 0}
  m_PrefabAsset: {fileID: 0}
  serializedVersion: 6
  m_Component:
  - component: {fileID: 2043316641}
  m_Layer: 0
  m_Name: Tarjet (1)
  m_TagString: Untagged
  m_Icon: {fileID: 0}
  m_NavMeshLayer: 0
  m_StaticEditorFlags: 0
  m_IsActive: 1
--- !u!4 &2043316641
Transform:
  m_ObjectHideFlags: 0
  m_CorrespondingSourceObject: {fileID: 0}
  m_PrefabInstance: {fileID: 0}
  m_PrefabAsset: {fileID: 0}
  m_GameObject: {fileID: 2043316640}
  m_LocalRotation: {x: 0.9312266, y: 0.08508229, z: 0.043926537, w: -0.35163695}
  m_LocalPosition: {x: -0.15595534, y: -0.61100006, z: -0.90496194}
  m_LocalScale: {x: 1, y: 1, z: 1}
  m_Children: []
  m_Father: {fileID: 866894218}
  m_RootOrder: 0
  m_LocalEulerAnglesHint: {x: 221.482, y: -1.6809692, z: -9.803986}
--- !u!1001 &2055192549
PrefabInstance:
  m_ObjectHideFlags: 0
  serializedVersion: 2
  m_Modification:
    m_TransformParent: {fileID: 0}
    m_Modifications:
    - target: {fileID: 200350730, guid: 6abe9c12e2b569f4e8aa5cf5b352e902, type: 3}
      propertyPath: m_LocalPosition.x
      value: -0.182
      objectReference: {fileID: 0}
    - target: {fileID: 200350730, guid: 6abe9c12e2b569f4e8aa5cf5b352e902, type: 3}
      propertyPath: m_LocalPosition.y
      value: 1.4013956
      objectReference: {fileID: 0}
    - target: {fileID: 200350730, guid: 6abe9c12e2b569f4e8aa5cf5b352e902, type: 3}
      propertyPath: m_LocalPosition.z
      value: 0.349
      objectReference: {fileID: 0}
    - target: {fileID: 200350730, guid: 6abe9c12e2b569f4e8aa5cf5b352e902, type: 3}
      propertyPath: m_LocalRotation.y
      value: -0
      objectReference: {fileID: 0}
    - target: {fileID: 200350730, guid: 6abe9c12e2b569f4e8aa5cf5b352e902, type: 3}
      propertyPath: m_LocalRotation.z
      value: -8.681943e-14
      objectReference: {fileID: 0}
    - target: {fileID: 5743144352055145257, guid: 6abe9c12e2b569f4e8aa5cf5b352e902,
        type: 3}
      propertyPath: m_RigLayers.Array.size
      value: 5
      objectReference: {fileID: 0}
    - target: {fileID: 5743144352055145257, guid: 6abe9c12e2b569f4e8aa5cf5b352e902,
        type: 3}
      propertyPath: m_RigLayers.Array.data[3].rig
      value: 
      objectReference: {fileID: 1175198310}
    - target: {fileID: 5743144352055145257, guid: 6abe9c12e2b569f4e8aa5cf5b352e902,
        type: 3}
      propertyPath: m_RigLayers.Array.data[4].rig
      value: 
      objectReference: {fileID: 712800215}
    - target: {fileID: 5743144352055145257, guid: 6abe9c12e2b569f4e8aa5cf5b352e902,
        type: 3}
      propertyPath: m_RigLayers.Array.data[3].active
      value: 1
      objectReference: {fileID: 0}
    - target: {fileID: 5743144352055145257, guid: 6abe9c12e2b569f4e8aa5cf5b352e902,
        type: 3}
      propertyPath: m_RigLayers.Array.data[4].active
      value: 1
      objectReference: {fileID: 0}
    - target: {fileID: 5743144352055145258, guid: 6abe9c12e2b569f4e8aa5cf5b352e902,
        type: 3}
      propertyPath: m_Name
      value: Rin
      objectReference: {fileID: 0}
    - target: {fileID: 5743144352055145262, guid: 6abe9c12e2b569f4e8aa5cf5b352e902,
        type: 3}
      propertyPath: m_RootOrder
      value: 1
      objectReference: {fileID: 0}
    - target: {fileID: 5743144352055145262, guid: 6abe9c12e2b569f4e8aa5cf5b352e902,
        type: 3}
      propertyPath: m_LocalPosition.x
      value: 518.969
      objectReference: {fileID: 0}
    - target: {fileID: 5743144352055145262, guid: 6abe9c12e2b569f4e8aa5cf5b352e902,
        type: 3}
      propertyPath: m_LocalPosition.y
      value: 2.005
      objectReference: {fileID: 0}
    - target: {fileID: 5743144352055145262, guid: 6abe9c12e2b569f4e8aa5cf5b352e902,
        type: 3}
      propertyPath: m_LocalPosition.z
      value: 574.69885
      objectReference: {fileID: 0}
    - target: {fileID: 5743144352055145262, guid: 6abe9c12e2b569f4e8aa5cf5b352e902,
        type: 3}
      propertyPath: m_LocalRotation.w
      value: 0.661164
      objectReference: {fileID: 0}
    - target: {fileID: 5743144352055145262, guid: 6abe9c12e2b569f4e8aa5cf5b352e902,
        type: 3}
      propertyPath: m_LocalRotation.x
      value: -0
      objectReference: {fileID: 0}
    - target: {fileID: 5743144352055145262, guid: 6abe9c12e2b569f4e8aa5cf5b352e902,
        type: 3}
      propertyPath: m_LocalRotation.y
      value: 0.75024146
      objectReference: {fileID: 0}
    - target: {fileID: 5743144352055145262, guid: 6abe9c12e2b569f4e8aa5cf5b352e902,
        type: 3}
      propertyPath: m_LocalRotation.z
      value: -0
      objectReference: {fileID: 0}
    - target: {fileID: 5743144352055145262, guid: 6abe9c12e2b569f4e8aa5cf5b352e902,
        type: 3}
      propertyPath: m_LocalEulerAnglesHint.x
      value: 0
      objectReference: {fileID: 0}
    - target: {fileID: 5743144352055145262, guid: 6abe9c12e2b569f4e8aa5cf5b352e902,
        type: 3}
      propertyPath: m_LocalEulerAnglesHint.y
      value: 97.22301
      objectReference: {fileID: 0}
    - target: {fileID: 5743144352055145262, guid: 6abe9c12e2b569f4e8aa5cf5b352e902,
        type: 3}
      propertyPath: m_LocalEulerAnglesHint.z
      value: 0
      objectReference: {fileID: 0}
    - target: {fileID: 7893569174380488441, guid: 6abe9c12e2b569f4e8aa5cf5b352e902,
        type: 3}
      propertyPath: m_Enabled
      value: 0
      objectReference: {fileID: 0}
    m_RemovedComponents:
    - {fileID: 231624365928621769, guid: 6abe9c12e2b569f4e8aa5cf5b352e902, type: 3}
    - {fileID: 2501212827975147814, guid: 6abe9c12e2b569f4e8aa5cf5b352e902, type: 3}
    - {fileID: 2781745857017444410, guid: 6abe9c12e2b569f4e8aa5cf5b352e902, type: 3}
    - {fileID: 3966329318616983840, guid: 6abe9c12e2b569f4e8aa5cf5b352e902, type: 3}
    - {fileID: 279769724328286954, guid: 6abe9c12e2b569f4e8aa5cf5b352e902, type: 3}
    - {fileID: 7893569174380488441, guid: 6abe9c12e2b569f4e8aa5cf5b352e902, type: 3}
    - {fileID: 1389054812998543967, guid: 6abe9c12e2b569f4e8aa5cf5b352e902, type: 3}
  m_SourcePrefab: {fileID: 100100000, guid: 6abe9c12e2b569f4e8aa5cf5b352e902, type: 3}
--- !u!1001 &2926607999808541773
PrefabInstance:
  m_ObjectHideFlags: 0
  serializedVersion: 2
  m_Modification:
    m_TransformParent: {fileID: 0}
    m_Modifications:
    - target: {fileID: 2926608000397510180, guid: 8e0d9a7927a57754f96c09a4961389ff,
        type: 3}
      propertyPath: m_Name
      value: CarritoJugador
      objectReference: {fileID: 0}
    - target: {fileID: 2926608000397510183, guid: 8e0d9a7927a57754f96c09a4961389ff,
        type: 3}
      propertyPath: m_RootOrder
      value: 3
      objectReference: {fileID: 0}
    - target: {fileID: 2926608000397510183, guid: 8e0d9a7927a57754f96c09a4961389ff,
        type: 3}
      propertyPath: m_LocalPosition.x
      value: 516.2089
      objectReference: {fileID: 0}
    - target: {fileID: 2926608000397510183, guid: 8e0d9a7927a57754f96c09a4961389ff,
        type: 3}
      propertyPath: m_LocalPosition.y
      value: 1.91
      objectReference: {fileID: 0}
    - target: {fileID: 2926608000397510183, guid: 8e0d9a7927a57754f96c09a4961389ff,
        type: 3}
      propertyPath: m_LocalPosition.z
      value: 572.56995
      objectReference: {fileID: 0}
    - target: {fileID: 2926608000397510183, guid: 8e0d9a7927a57754f96c09a4961389ff,
        type: 3}
      propertyPath: m_LocalRotation.w
      value: 1
      objectReference: {fileID: 0}
    - target: {fileID: 2926608000397510183, guid: 8e0d9a7927a57754f96c09a4961389ff,
        type: 3}
      propertyPath: m_LocalRotation.x
      value: 0
      objectReference: {fileID: 0}
    - target: {fileID: 2926608000397510183, guid: 8e0d9a7927a57754f96c09a4961389ff,
        type: 3}
      propertyPath: m_LocalRotation.y
      value: 0
      objectReference: {fileID: 0}
    - target: {fileID: 2926608000397510183, guid: 8e0d9a7927a57754f96c09a4961389ff,
        type: 3}
      propertyPath: m_LocalRotation.z
      value: 0
      objectReference: {fileID: 0}
    - target: {fileID: 2926608000397510183, guid: 8e0d9a7927a57754f96c09a4961389ff,
        type: 3}
      propertyPath: m_LocalEulerAnglesHint.x
      value: 0
      objectReference: {fileID: 0}
    - target: {fileID: 2926608000397510183, guid: 8e0d9a7927a57754f96c09a4961389ff,
        type: 3}
      propertyPath: m_LocalEulerAnglesHint.y
      value: 0
      objectReference: {fileID: 0}
    - target: {fileID: 2926608000397510183, guid: 8e0d9a7927a57754f96c09a4961389ff,
        type: 3}
      propertyPath: m_LocalEulerAnglesHint.z
      value: 0
      objectReference: {fileID: 0}
    m_RemovedComponents: []
  m_SourcePrefab: {fileID: 100100000, guid: 8e0d9a7927a57754f96c09a4961389ff, type: 3}
--- !u!1001 &4277538562259304185
PrefabInstance:
  m_ObjectHideFlags: 0
  serializedVersion: 2
  m_Modification:
    m_TransformParent: {fileID: 0}
    m_Modifications:
    - target: {fileID: 4277538561694246800, guid: c015476d1a2c92d42a45f523e4be5599,
        type: 3}
      propertyPath: GiaPies
      value: 
      objectReference: {fileID: 840380513}
    - target: {fileID: 4277538561694246800, guid: c015476d1a2c92d42a45f523e4be5599,
        type: 3}
      propertyPath: CambiarPie
      value: 
      objectReference: {fileID: 955075374}
    - target: {fileID: 4277538561694246800, guid: c015476d1a2c92d42a45f523e4be5599,
        type: 3}
      propertyPath: PuntoDerecha
      value: 
      objectReference: {fileID: 417395103}
    - target: {fileID: 4277538561694246800, guid: c015476d1a2c92d42a45f523e4be5599,
        type: 3}
      propertyPath: PuntoIzquierda
      value: 
      objectReference: {fileID: 1304668259}
    - target: {fileID: 4277538561694246801, guid: c015476d1a2c92d42a45f523e4be5599,
        type: 3}
      propertyPath: PosicionPuntos
      value: 
      objectReference: {fileID: 124739279}
    - target: {fileID: 4277538561694246801, guid: c015476d1a2c92d42a45f523e4be5599,
        type: 3}
      propertyPath: AparecerCarritos
      value: 
      objectReference: {fileID: 1104091941}
    - target: {fileID: 4277538561694246815, guid: c015476d1a2c92d42a45f523e4be5599,
        type: 3}
      propertyPath: m_LocalRotation.w
      value: 0.5
      objectReference: {fileID: 0}
    - target: {fileID: 4277538561694246815, guid: c015476d1a2c92d42a45f523e4be5599,
        type: 3}
      propertyPath: m_LocalRotation.x
      value: -0.5
      objectReference: {fileID: 0}
    - target: {fileID: 4277538561694246815, guid: c015476d1a2c92d42a45f523e4be5599,
        type: 3}
      propertyPath: m_LocalRotation.y
      value: 0.5
      objectReference: {fileID: 0}
    - target: {fileID: 4277538561694246815, guid: c015476d1a2c92d42a45f523e4be5599,
        type: 3}
      propertyPath: m_LocalRotation.z
      value: -0.5
      objectReference: {fileID: 0}
    - target: {fileID: 4277538561694246815, guid: c015476d1a2c92d42a45f523e4be5599,
        type: 3}
      propertyPath: m_LocalEulerAnglesHint.z
      value: -90
      objectReference: {fileID: 0}
    - target: {fileID: 4277538562583777960, guid: c015476d1a2c92d42a45f523e4be5599,
        type: 3}
      propertyPath: m_Name
      value: PieDerecho
      objectReference: {fileID: 0}
    - target: {fileID: 4277538562583777962, guid: c015476d1a2c92d42a45f523e4be5599,
        type: 3}
      propertyPath: m_RootOrder
      value: 10
      objectReference: {fileID: 0}
    - target: {fileID: 4277538562583777962, guid: c015476d1a2c92d42a45f523e4be5599,
        type: 3}
      propertyPath: m_LocalPosition.x
      value: 516.57
      objectReference: {fileID: 0}
    - target: {fileID: 4277538562583777962, guid: c015476d1a2c92d42a45f523e4be5599,
        type: 3}
      propertyPath: m_LocalPosition.y
      value: 0.55200005
      objectReference: {fileID: 0}
    - target: {fileID: 4277538562583777962, guid: c015476d1a2c92d42a45f523e4be5599,
        type: 3}
      propertyPath: m_LocalPosition.z
      value: 581.341
      objectReference: {fileID: 0}
    - target: {fileID: 4277538562583777962, guid: c015476d1a2c92d42a45f523e4be5599,
        type: 3}
      propertyPath: m_LocalRotation.w
      value: 1
      objectReference: {fileID: 0}
    - target: {fileID: 4277538562583777962, guid: c015476d1a2c92d42a45f523e4be5599,
        type: 3}
      propertyPath: m_LocalRotation.x
      value: 0
      objectReference: {fileID: 0}
    - target: {fileID: 4277538562583777962, guid: c015476d1a2c92d42a45f523e4be5599,
        type: 3}
      propertyPath: m_LocalRotation.y
      value: 0
      objectReference: {fileID: 0}
    - target: {fileID: 4277538562583777962, guid: c015476d1a2c92d42a45f523e4be5599,
        type: 3}
      propertyPath: m_LocalRotation.z
      value: 0
      objectReference: {fileID: 0}
    - target: {fileID: 4277538562583777962, guid: c015476d1a2c92d42a45f523e4be5599,
        type: 3}
      propertyPath: m_LocalEulerAnglesHint.x
      value: 0
      objectReference: {fileID: 0}
    - target: {fileID: 4277538562583777962, guid: c015476d1a2c92d42a45f523e4be5599,
        type: 3}
      propertyPath: m_LocalEulerAnglesHint.y
      value: 0
      objectReference: {fileID: 0}
    - target: {fileID: 4277538562583777962, guid: c015476d1a2c92d42a45f523e4be5599,
        type: 3}
      propertyPath: m_LocalEulerAnglesHint.z
      value: 0
      objectReference: {fileID: 0}
    - target: {fileID: 4277538562583777963, guid: c015476d1a2c92d42a45f523e4be5599,
        type: 3}
      propertyPath: mano
      value: 
      objectReference: {fileID: 85162711}
    m_RemovedComponents: []
  m_SourcePrefab: {fileID: 100100000, guid: c015476d1a2c92d42a45f523e4be5599, type: 3}
--- !u!1001 &6313171947235146770
PrefabInstance:
  m_ObjectHideFlags: 0
  serializedVersion: 2
  m_Modification:
    m_TransformParent: {fileID: 0}
    m_Modifications:
    - target: {fileID: 6313171945354542296, guid: 7173aefc1acceda4e962eab3b2600906,
        type: 3}
      propertyPath: mano
      value: 
      objectReference: {fileID: 176644398}
    - target: {fileID: 6313171945354542297, guid: 7173aefc1acceda4e962eab3b2600906,
        type: 3}
      propertyPath: m_RootOrder
      value: 9
      objectReference: {fileID: 0}
    - target: {fileID: 6313171945354542297, guid: 7173aefc1acceda4e962eab3b2600906,
        type: 3}
      propertyPath: m_LocalPosition.x
      value: 516.765
      objectReference: {fileID: 0}
    - target: {fileID: 6313171945354542297, guid: 7173aefc1acceda4e962eab3b2600906,
        type: 3}
      propertyPath: m_LocalPosition.y
      value: 0.55200005
      objectReference: {fileID: 0}
    - target: {fileID: 6313171945354542297, guid: 7173aefc1acceda4e962eab3b2600906,
        type: 3}
      propertyPath: m_LocalPosition.z
      value: 581.341
      objectReference: {fileID: 0}
    - target: {fileID: 6313171945354542297, guid: 7173aefc1acceda4e962eab3b2600906,
        type: 3}
      propertyPath: m_LocalRotation.w
      value: 1
      objectReference: {fileID: 0}
    - target: {fileID: 6313171945354542297, guid: 7173aefc1acceda4e962eab3b2600906,
        type: 3}
      propertyPath: m_LocalRotation.x
      value: 0
      objectReference: {fileID: 0}
    - target: {fileID: 6313171945354542297, guid: 7173aefc1acceda4e962eab3b2600906,
        type: 3}
      propertyPath: m_LocalRotation.y
      value: 0
      objectReference: {fileID: 0}
    - target: {fileID: 6313171945354542297, guid: 7173aefc1acceda4e962eab3b2600906,
        type: 3}
      propertyPath: m_LocalRotation.z
      value: 0
      objectReference: {fileID: 0}
    - target: {fileID: 6313171945354542297, guid: 7173aefc1acceda4e962eab3b2600906,
        type: 3}
      propertyPath: m_LocalEulerAnglesHint.x
      value: 0
      objectReference: {fileID: 0}
    - target: {fileID: 6313171945354542297, guid: 7173aefc1acceda4e962eab3b2600906,
        type: 3}
      propertyPath: m_LocalEulerAnglesHint.y
      value: 0
      objectReference: {fileID: 0}
    - target: {fileID: 6313171945354542297, guid: 7173aefc1acceda4e962eab3b2600906,
        type: 3}
      propertyPath: m_LocalEulerAnglesHint.z
      value: 0
      objectReference: {fileID: 0}
    - target: {fileID: 6313171945354542299, guid: 7173aefc1acceda4e962eab3b2600906,
        type: 3}
      propertyPath: m_Name
      value: PieIzquierdo
      objectReference: {fileID: 0}
    - target: {fileID: 6313171946362561484, guid: 7173aefc1acceda4e962eab3b2600906,
        type: 3}
      propertyPath: PosicionPuntos
      value: 
      objectReference: {fileID: 955075374}
    - target: {fileID: 6313171946362561484, guid: 7173aefc1acceda4e962eab3b2600906,
        type: 3}
      propertyPath: AparecerCarritos
      value: 
      objectReference: {fileID: 1104091941}
    - target: {fileID: 6313171946362561485, guid: 7173aefc1acceda4e962eab3b2600906,
        type: 3}
      propertyPath: GiaPies
      value: 
      objectReference: {fileID: 840380513}
    - target: {fileID: 6313171946362561485, guid: 7173aefc1acceda4e962eab3b2600906,
        type: 3}
      propertyPath: CambiarPie
      value: 
      objectReference: {fileID: 124739279}
    - target: {fileID: 6313171946362561485, guid: 7173aefc1acceda4e962eab3b2600906,
        type: 3}
      propertyPath: PuntoDerecha
      value: 
      objectReference: {fileID: 417395103}
    - target: {fileID: 6313171946362561485, guid: 7173aefc1acceda4e962eab3b2600906,
        type: 3}
      propertyPath: PuntoIzquierda
      value: 
      objectReference: {fileID: 1304668259}
    - target: {fileID: 6313171946362561486, guid: 7173aefc1acceda4e962eab3b2600906,
        type: 3}
      propertyPath: m_LocalPosition.x
      value: 0
      objectReference: {fileID: 0}
    - target: {fileID: 6313171946362561486, guid: 7173aefc1acceda4e962eab3b2600906,
        type: 3}
      propertyPath: m_LocalRotation.w
      value: 0.5
      objectReference: {fileID: 0}
    - target: {fileID: 6313171946362561486, guid: 7173aefc1acceda4e962eab3b2600906,
        type: 3}
      propertyPath: m_LocalRotation.x
      value: -0.5
      objectReference: {fileID: 0}
    - target: {fileID: 6313171946362561486, guid: 7173aefc1acceda4e962eab3b2600906,
        type: 3}
      propertyPath: m_LocalRotation.y
      value: 0.5
      objectReference: {fileID: 0}
    - target: {fileID: 6313171946362561486, guid: 7173aefc1acceda4e962eab3b2600906,
        type: 3}
      propertyPath: m_LocalRotation.z
      value: -0.5
      objectReference: {fileID: 0}
    - target: {fileID: 6313171946362561486, guid: 7173aefc1acceda4e962eab3b2600906,
        type: 3}
      propertyPath: m_LocalEulerAnglesHint.z
      value: -90
      objectReference: {fileID: 0}
    m_RemovedComponents: []
  m_SourcePrefab: {fileID: 100100000, guid: 7173aefc1acceda4e962eab3b2600906, type: 3}
--- !u!1001 &6684924394267429825
PrefabInstance:
  m_ObjectHideFlags: 0
  serializedVersion: 2
  m_Modification:
    m_TransformParent: {fileID: 0}
    m_Modifications:
    - target: {fileID: 6684924393206337764, guid: cd88633ae1069c14a81c1c30134bbd1c,
        type: 3}
      propertyPath: m_Name
      value: SpawnCarritos
      objectReference: {fileID: 0}
    - target: {fileID: 6684924393206337767, guid: cd88633ae1069c14a81c1c30134bbd1c,
        type: 3}
      propertyPath: m_RootOrder
      value: 0
      objectReference: {fileID: 0}
    - target: {fileID: 6684924393206337767, guid: cd88633ae1069c14a81c1c30134bbd1c,
        type: 3}
      propertyPath: m_LocalPosition.x
      value: 530.77
      objectReference: {fileID: 0}
    - target: {fileID: 6684924393206337767, guid: cd88633ae1069c14a81c1c30134bbd1c,
        type: 3}
      propertyPath: m_LocalPosition.y
      value: 1.9115185
      objectReference: {fileID: 0}
    - target: {fileID: 6684924393206337767, guid: cd88633ae1069c14a81c1c30134bbd1c,
        type: 3}
      propertyPath: m_LocalPosition.z
      value: 570.1
      objectReference: {fileID: 0}
    - target: {fileID: 6684924393206337767, guid: cd88633ae1069c14a81c1c30134bbd1c,
        type: 3}
      propertyPath: m_LocalRotation.w
      value: 1
      objectReference: {fileID: 0}
    - target: {fileID: 6684924393206337767, guid: cd88633ae1069c14a81c1c30134bbd1c,
        type: 3}
      propertyPath: m_LocalRotation.x
      value: 0
      objectReference: {fileID: 0}
    - target: {fileID: 6684924393206337767, guid: cd88633ae1069c14a81c1c30134bbd1c,
        type: 3}
      propertyPath: m_LocalRotation.y
      value: 0
      objectReference: {fileID: 0}
    - target: {fileID: 6684924393206337767, guid: cd88633ae1069c14a81c1c30134bbd1c,
        type: 3}
      propertyPath: m_LocalRotation.z
      value: 0
      objectReference: {fileID: 0}
    - target: {fileID: 6684924393206337767, guid: cd88633ae1069c14a81c1c30134bbd1c,
        type: 3}
      propertyPath: m_LocalEulerAnglesHint.x
      value: 0
      objectReference: {fileID: 0}
    - target: {fileID: 6684924393206337767, guid: cd88633ae1069c14a81c1c30134bbd1c,
        type: 3}
      propertyPath: m_LocalEulerAnglesHint.y
      value: 0
      objectReference: {fileID: 0}
    - target: {fileID: 6684924393206337767, guid: cd88633ae1069c14a81c1c30134bbd1c,
        type: 3}
      propertyPath: m_LocalEulerAnglesHint.z
      value: 0
      objectReference: {fileID: 0}
    m_RemovedComponents: []
  m_SourcePrefab: {fileID: 100100000, guid: cd88633ae1069c14a81c1c30134bbd1c, type: 3}
--- !u!1001 &8146576060852177042
PrefabInstance:
  m_ObjectHideFlags: 0
  serializedVersion: 2
  m_Modification:
    m_TransformParent: {fileID: 0}
    m_Modifications:
    - target: {fileID: 8146576060141082287, guid: 9723bb1f19e38c444a7395546c6491ed,
        type: 3}
      propertyPath: m_Materials.Array.data[0]
      value: 
      objectReference: {fileID: 2100000, guid: 6b7cc18f918007544ba912fa003db2dd, type: 2}
    - target: {fileID: 8146576060930836825, guid: 9723bb1f19e38c444a7395546c6491ed,
        type: 3}
      propertyPath: m_Materials.Array.data[0]
      value: 
      objectReference: {fileID: 2100000, guid: 6b7cc18f918007544ba912fa003db2dd, type: 2}
    - target: {fileID: 8146576061030870221, guid: 9723bb1f19e38c444a7395546c6491ed,
        type: 3}
      propertyPath: m_Name
      value: Juego
      objectReference: {fileID: 0}
    - target: {fileID: 8146576061030870258, guid: 9723bb1f19e38c444a7395546c6491ed,
        type: 3}
      propertyPath: m_RootOrder
      value: 6
      objectReference: {fileID: 0}
    - target: {fileID: 8146576061030870258, guid: 9723bb1f19e38c444a7395546c6491ed,
        type: 3}
      propertyPath: m_LocalPosition.x
      value: 527.4008
      objectReference: {fileID: 0}
    - target: {fileID: 8146576061030870258, guid: 9723bb1f19e38c444a7395546c6491ed,
        type: 3}
      propertyPath: m_LocalPosition.y
      value: -0.48235345
      objectReference: {fileID: 0}
    - target: {fileID: 8146576061030870258, guid: 9723bb1f19e38c444a7395546c6491ed,
        type: 3}
      propertyPath: m_LocalPosition.z
      value: 570.9382
      objectReference: {fileID: 0}
    - target: {fileID: 8146576061030870258, guid: 9723bb1f19e38c444a7395546c6491ed,
        type: 3}
      propertyPath: m_LocalRotation.w
      value: 1
      objectReference: {fileID: 0}
    - target: {fileID: 8146576061030870258, guid: 9723bb1f19e38c444a7395546c6491ed,
        type: 3}
      propertyPath: m_LocalRotation.x
      value: 0
      objectReference: {fileID: 0}
    - target: {fileID: 8146576061030870258, guid: 9723bb1f19e38c444a7395546c6491ed,
        type: 3}
      propertyPath: m_LocalRotation.y
      value: 0
      objectReference: {fileID: 0}
    - target: {fileID: 8146576061030870258, guid: 9723bb1f19e38c444a7395546c6491ed,
        type: 3}
      propertyPath: m_LocalRotation.z
      value: 0
      objectReference: {fileID: 0}
    - target: {fileID: 8146576061030870258, guid: 9723bb1f19e38c444a7395546c6491ed,
        type: 3}
      propertyPath: m_LocalEulerAnglesHint.x
      value: 0
      objectReference: {fileID: 0}
    - target: {fileID: 8146576061030870258, guid: 9723bb1f19e38c444a7395546c6491ed,
        type: 3}
      propertyPath: m_LocalEulerAnglesHint.y
      value: 0
      objectReference: {fileID: 0}
    - target: {fileID: 8146576061030870258, guid: 9723bb1f19e38c444a7395546c6491ed,
        type: 3}
      propertyPath: m_LocalEulerAnglesHint.z
      value: 0
      objectReference: {fileID: 0}
    - target: {fileID: 8146576061343326815, guid: 9723bb1f19e38c444a7395546c6491ed,
        type: 3}
      propertyPath: m_Materials.Array.data[0]
      value: 
      objectReference: {fileID: 2100000, guid: 6b7cc18f918007544ba912fa003db2dd, type: 2}
    - target: {fileID: 8146576061468860886, guid: 9723bb1f19e38c444a7395546c6491ed,
        type: 3}
      propertyPath: m_Materials.Array.data[0]
      value: 
      objectReference: {fileID: 2100000, guid: 6b7cc18f918007544ba912fa003db2dd, type: 2}
    m_RemovedComponents: []
  m_SourcePrefab: {fileID: 100100000, guid: 9723bb1f19e38c444a7395546c6491ed, type: 3}
