%YAML 1.1
%TAG !u! tag:unity3d.com,2011:
--- !u!1 &200350729
GameObject:
  m_ObjectHideFlags: 0
  m_CorrespondingSourceObject: {fileID: 0}
  m_PrefabInstance: {fileID: 0}
  m_PrefabAsset: {fileID: 0}
  serializedVersion: 6
  m_Component:
  - component: {fileID: 200350730}
  m_Layer: 0
  m_Name: Tarjet
  m_TagString: Untagged
  m_Icon: {fileID: 0}
  m_NavMeshLayer: 0
  m_StaticEditorFlags: 0
  m_IsActive: 1
--- !u!4 &200350730
Transform:
  m_ObjectHideFlags: 0
  m_CorrespondingSourceObject: {fileID: 0}
  m_PrefabInstance: {fileID: 0}
  m_PrefabAsset: {fileID: 0}
  m_GameObject: {fileID: 200350729}
  m_LocalRotation: {x: -0, y: 4.7606363e-13, z: 4.4242388e-13, w: 1}
  m_LocalPosition: {x: 0.0004903823, y: 1.5665425, z: 0.29082862}
  m_LocalScale: {x: 1, y: 1, z: 1}
  m_Children: []
  m_Father: {fileID: 360623134}
  m_RootOrder: 2
  m_LocalEulerAnglesHint: {x: 0, y: 0, z: 0}
--- !u!1 &296030357
GameObject:
  m_ObjectHideFlags: 0
  m_CorrespondingSourceObject: {fileID: 0}
  m_PrefabInstance: {fileID: 0}
  m_PrefabAsset: {fileID: 0}
  serializedVersion: 6
  m_Component:
  - component: {fileID: 296030358}
  - component: {fileID: 296030359}
  m_Layer: 0
  m_Name: Head
  m_TagString: Untagged
  m_Icon: {fileID: 0}
  m_NavMeshLayer: 0
  m_StaticEditorFlags: 0
  m_IsActive: 1
--- !u!4 &296030358
Transform:
  m_ObjectHideFlags: 0
  m_CorrespondingSourceObject: {fileID: 0}
  m_PrefabInstance: {fileID: 0}
  m_PrefabAsset: {fileID: 0}
  m_GameObject: {fileID: 296030357}
  m_LocalRotation: {x: 0, y: 0, z: 0, w: 1}
  m_LocalPosition: {x: 0, y: 0, z: 0.285}
  m_LocalScale: {x: 1, y: 1, z: 1}
  m_Children: []
  m_Father: {fileID: 360623134}
  m_RootOrder: 0
  m_LocalEulerAnglesHint: {x: 0, y: 0, z: 0}
--- !u!114 &296030359
MonoBehaviour:
  m_ObjectHideFlags: 0
  m_CorrespondingSourceObject: {fileID: 0}
  m_PrefabInstance: {fileID: 0}
  m_PrefabAsset: {fileID: 0}
  m_GameObject: {fileID: 296030357}
  m_Enabled: 1
  m_EditorHideFlags: 0
  m_Script: {fileID: 11500000, guid: e3c430f382484144e925c097c2d33cfe, type: 3}
  m_Name: 
  m_EditorClassIdentifier: 
  m_Weight: 0.5
  m_Data:
    m_ConstrainedObject: {fileID: 7893569174373058901}
    m_SourceObjects:
      m_Length: 1
      m_Item0:
        transform: {fileID: 200350730}
        weight: 1
      m_Item1:
        transform: {fileID: 0}
        weight: 0
      m_Item2:
        transform: {fileID: 0}
        weight: 0
      m_Item3:
        transform: {fileID: 0}
        weight: 0
      m_Item4:
        transform: {fileID: 0}
        weight: 0
      m_Item5:
        transform: {fileID: 0}
        weight: 0
      m_Item6:
        transform: {fileID: 0}
        weight: 0
      m_Item7:
        transform: {fileID: 0}
        weight: 0
    m_Offset: {x: 0, y: 0, z: 0}
    m_MinLimit: -100
    m_MaxLimit: 100
    m_AimAxis: 4
    m_MaintainOffset: 1
    m_ConstrainedAxes:
      x: 1
      y: 1
      z: 1
  m_SourceObjectsGUIToggle: 1
  m_SettingsGUIToggle: 1
--- !u!1 &360623133
GameObject:
  m_ObjectHideFlags: 0
  m_CorrespondingSourceObject: {fileID: 0}
  m_PrefabInstance: {fileID: 0}
  m_PrefabAsset: {fileID: 0}
  serializedVersion: 6
  m_Component:
  - component: {fileID: 360623134}
  - component: {fileID: 360623135}
  m_Layer: 0
  m_Name: Head (1)
  m_TagString: Untagged
  m_Icon: {fileID: 0}
  m_NavMeshLayer: 0
  m_StaticEditorFlags: 0
  m_IsActive: 1
--- !u!4 &360623134
Transform:
  m_ObjectHideFlags: 0
  m_CorrespondingSourceObject: {fileID: 0}
  m_PrefabInstance: {fileID: 0}
  m_PrefabAsset: {fileID: 0}
  m_GameObject: {fileID: 360623133}
  m_LocalRotation: {x: -0, y: -0, z: -0, w: 1}
  m_LocalPosition: {x: 0.11559498, y: -0.99070954, z: 0.16530538}
  m_LocalScale: {x: 1, y: 1, z: 1}
  m_Children:
  - {fileID: 296030358}
  - {fileID: 1829610226}
  - {fileID: 200350730}
  m_Father: {fileID: 5743144352055145262}
  m_RootOrder: 1
  m_LocalEulerAnglesHint: {x: 0, y: 0, z: 0}
--- !u!114 &360623135
MonoBehaviour:
  m_ObjectHideFlags: 0
  m_CorrespondingSourceObject: {fileID: 0}
  m_PrefabInstance: {fileID: 0}
  m_PrefabAsset: {fileID: 0}
  m_GameObject: {fileID: 360623133}
  m_Enabled: 1
  m_EditorHideFlags: 0
  m_Script: {fileID: 11500000, guid: 70b342d8ce5c2fd48b8fa3147d48d1d1, type: 3}
  m_Name: 
  m_EditorClassIdentifier: 
  m_Weight: 1
  m_Effectors: []
--- !u!1 &456044873
GameObject:
  m_ObjectHideFlags: 0
  m_CorrespondingSourceObject: {fileID: 0}
  m_PrefabInstance: {fileID: 0}
  m_PrefabAsset: {fileID: 0}
  serializedVersion: 6
  m_Component:
  - component: {fileID: 456044874}
  - component: {fileID: 456044875}
  m_Layer: 0
  m_Name: Left
  m_TagString: Untagged
  m_Icon: {fileID: 0}
  m_NavMeshLayer: 0
  m_StaticEditorFlags: 0
  m_IsActive: 1
--- !u!4 &456044874
Transform:
  m_ObjectHideFlags: 0
  m_CorrespondingSourceObject: {fileID: 0}
  m_PrefabInstance: {fileID: 0}
  m_PrefabAsset: {fileID: 0}
  m_GameObject: {fileID: 456044873}
  m_LocalRotation: {x: 0, y: 0, z: 0, w: 1}
  m_LocalPosition: {x: 0, y: 0, z: 0}
  m_LocalScale: {x: 1, y: 1, z: 1}
  m_Children:
  - {fileID: 740111886}
  - {fileID: 979368125}
  m_Father: {fileID: 2115972936}
  m_RootOrder: 0
  m_LocalEulerAnglesHint: {x: 0, y: 0, z: 0}
--- !u!114 &456044875
MonoBehaviour:
  m_ObjectHideFlags: 0
  m_CorrespondingSourceObject: {fileID: 0}
  m_PrefabInstance: {fileID: 0}
  m_PrefabAsset: {fileID: 0}
  m_GameObject: {fileID: 456044873}
  m_Enabled: 1
  m_EditorHideFlags: 0
  m_Script: {fileID: 11500000, guid: aeda7bfbf984f2a4da5ab4b8967b115d, type: 3}
  m_Name: 
  m_EditorClassIdentifier: 
  m_Weight: 1
  m_Data:
    m_Root: {fileID: 7893569174373058691}
    m_Mid: {fileID: 7893569174373058693}
    m_Tip: {fileID: 7893569174373058737}
    m_Target: {fileID: 740111886}
    m_Hint: {fileID: 979368125}
    m_TargetPositionWeight: 1
    m_TargetRotationWeight: 1
    m_HintWeight: 1
    m_MaintainTargetPositionOffset: 0
    m_MaintainTargetRotationOffset: 0
  m_SourceObjectsGUIToggle: 1
  m_SettingsGUIToggle: 0
--- !u!1 &740111885
GameObject:
  m_ObjectHideFlags: 0
  m_CorrespondingSourceObject: {fileID: 0}
  m_PrefabInstance: {fileID: 0}
  m_PrefabAsset: {fileID: 0}
  serializedVersion: 6
  m_Component:
  - component: {fileID: 740111886}
  m_Layer: 0
  m_Name: Tarjet
  m_TagString: Untagged
  m_Icon: {fileID: 0}
  m_NavMeshLayer: 0
  m_StaticEditorFlags: 0
  m_IsActive: 1
--- !u!4 &740111886
Transform:
  m_ObjectHideFlags: 0
  m_CorrespondingSourceObject: {fileID: 0}
  m_PrefabInstance: {fileID: 0}
  m_PrefabAsset: {fileID: 0}
  m_GameObject: {fileID: 740111885}
  m_LocalRotation: {x: -0.71224105, y: 0.082661115, z: 0.6957949, w: 0.04182714}
  m_LocalPosition: {x: -0.2438451, y: 0.87625235, z: -0.18509007}
  m_LocalScale: {x: 1, y: 1, z: 1}
  m_Children: []
  m_Father: {fileID: 456044874}
  m_RootOrder: 0
  m_LocalEulerAnglesHint: {x: 0, y: 0, z: 0}
--- !u!1 &979368124
GameObject:
  m_ObjectHideFlags: 0
  m_CorrespondingSourceObject: {fileID: 0}
  m_PrefabInstance: {fileID: 0}
  m_PrefabAsset: {fileID: 0}
  serializedVersion: 6
  m_Component:
  - component: {fileID: 979368125}
  m_Layer: 0
  m_Name: Hit
  m_TagString: Untagged
  m_Icon: {fileID: 0}
  m_NavMeshLayer: 0
  m_StaticEditorFlags: 0
  m_IsActive: 1
--- !u!4 &979368125
Transform:
  m_ObjectHideFlags: 0
  m_CorrespondingSourceObject: {fileID: 0}
  m_PrefabInstance: {fileID: 0}
  m_PrefabAsset: {fileID: 0}
  m_GameObject: {fileID: 979368124}
  m_LocalRotation: {x: -0.6441146, y: 0.05505277, z: 0.76267827, w: 0.020187162}
  m_LocalPosition: {x: -0.22144818, y: 1.1173825, z: -0.21106398}
  m_LocalScale: {x: 1, y: 1, z: 1}
  m_Children: []
  m_Father: {fileID: 456044874}
  m_RootOrder: 1
  m_LocalEulerAnglesHint: {x: 0, y: 0, z: 0}
--- !u!1 &1165573404
GameObject:
  m_ObjectHideFlags: 0
  m_CorrespondingSourceObject: {fileID: 0}
  m_PrefabInstance: {fileID: 0}
  m_PrefabAsset: {fileID: 0}
  serializedVersion: 6
  m_Component:
  - component: {fileID: 1165573405}
  m_Layer: 0
  m_Name: Tarjet
  m_TagString: Untagged
  m_Icon: {fileID: 0}
  m_NavMeshLayer: 0
  m_StaticEditorFlags: 0
  m_IsActive: 1
--- !u!4 &1165573405
Transform:
  m_ObjectHideFlags: 0
  m_CorrespondingSourceObject: {fileID: 0}
  m_PrefabInstance: {fileID: 0}
  m_PrefabAsset: {fileID: 0}
  m_GameObject: {fileID: 1165573404}
  m_LocalRotation: {x: 0.7411278, y: 0.039637763, z: 0.66628635, w: -0.072255984}
  m_LocalPosition: {x: 0.063922465, y: 0.8820429, z: -0.22525805}
  m_LocalScale: {x: 1, y: 1, z: 1}
  m_Children: []
  m_Father: {fileID: 2034961970}
  m_RootOrder: 0
  m_LocalEulerAnglesHint: {x: 0, y: 0, z: 0}
--- !u!1 &1194522776
GameObject:
  m_ObjectHideFlags: 0
  m_CorrespondingSourceObject: {fileID: 0}
  m_PrefabInstance: {fileID: 0}
  m_PrefabAsset: {fileID: 0}
  serializedVersion: 6
  m_Component:
  - component: {fileID: 1194522777}
  m_Layer: 0
  m_Name: Hit
  m_TagString: Untagged
  m_Icon: {fileID: 0}
  m_NavMeshLayer: 0
  m_StaticEditorFlags: 0
  m_IsActive: 1
--- !u!4 &1194522777
Transform:
  m_ObjectHideFlags: 0
  m_CorrespondingSourceObject: {fileID: 0}
  m_PrefabInstance: {fileID: 0}
  m_PrefabAsset: {fileID: 0}
  m_GameObject: {fileID: 1194522776}
  m_LocalRotation: {x: 0.69279534, y: 0.053593744, z: 0.7186167, w: -0.027428381}
  m_LocalPosition: {x: 0.036361426, y: 1.1227307, z: -0.2347188}
  m_LocalScale: {x: 1, y: 1, z: 1}
  m_Children: []
  m_Father: {fileID: 2034961970}
  m_RootOrder: 1
  m_LocalEulerAnglesHint: {x: 0, y: 0, z: 0}
--- !u!1 &1829610225
GameObject:
  m_ObjectHideFlags: 0
  m_CorrespondingSourceObject: {fileID: 0}
  m_PrefabInstance: {fileID: 0}
  m_PrefabAsset: {fileID: 0}
  serializedVersion: 6
  m_Component:
  - component: {fileID: 1829610226}
  - component: {fileID: 1829610227}
  m_Layer: 0
  m_Name: Cheast
  m_TagString: Untagged
  m_Icon: {fileID: 0}
  m_NavMeshLayer: 0
  m_StaticEditorFlags: 0
  m_IsActive: 1
--- !u!4 &1829610226
Transform:
  m_ObjectHideFlags: 0
  m_CorrespondingSourceObject: {fileID: 0}
  m_PrefabInstance: {fileID: 0}
  m_PrefabAsset: {fileID: 0}
  m_GameObject: {fileID: 1829610225}
  m_LocalRotation: {x: 0, y: 0, z: 0, w: 1}
  m_LocalPosition: {x: 0, y: 0, z: 0.285}
  m_LocalScale: {x: 1, y: 1, z: 1}
  m_Children: []
  m_Father: {fileID: 360623134}
  m_RootOrder: 1
  m_LocalEulerAnglesHint: {x: 0, y: 0, z: 0}
--- !u!114 &1829610227
MonoBehaviour:
  m_ObjectHideFlags: 0
  m_CorrespondingSourceObject: {fileID: 0}
  m_PrefabInstance: {fileID: 0}
  m_PrefabAsset: {fileID: 0}
  m_GameObject: {fileID: 1829610225}
  m_Enabled: 1
  m_EditorHideFlags: 0
  m_Script: {fileID: 11500000, guid: e3c430f382484144e925c097c2d33cfe, type: 3}
  m_Name: 
  m_EditorClassIdentifier: 
  m_Weight: 0.6
  m_Data:
    m_ConstrainedObject: {fileID: 7893569174373058833}
    m_SourceObjects:
      m_Length: 1
      m_Item0:
        transform: {fileID: 200350730}
        weight: 1
      m_Item1:
        transform: {fileID: 0}
        weight: 0
      m_Item2:
        transform: {fileID: 0}
        weight: 0
      m_Item3:
        transform: {fileID: 0}
        weight: 0
      m_Item4:
        transform: {fileID: 0}
        weight: 0
      m_Item5:
        transform: {fileID: 0}
        weight: 0
      m_Item6:
        transform: {fileID: 0}
        weight: 0
      m_Item7:
        transform: {fileID: 0}
        weight: 0
    m_Offset: {x: 0, y: 0, z: 0}
    m_MinLimit: -100
    m_MaxLimit: 100
    m_AimAxis: 4
    m_MaintainOffset: 1
    m_ConstrainedAxes:
      x: 0
      y: 1
      z: 0
  m_SourceObjectsGUIToggle: 1
  m_SettingsGUIToggle: 1
--- !u!1 &1835912647
GameObject:
  m_ObjectHideFlags: 0
  m_CorrespondingSourceObject: {fileID: 0}
  m_PrefabInstance: {fileID: 0}
  m_PrefabAsset: {fileID: 0}
  serializedVersion: 6
  m_Component:
  - component: {fileID: 1835912648}
  - component: {fileID: 1835912649}
  m_Layer: 0
  m_Name: Right shoulder
  m_TagString: Untagged
  m_Icon: {fileID: 0}
  m_NavMeshLayer: 0
  m_StaticEditorFlags: 0
  m_IsActive: 1
--- !u!4 &1835912648
Transform:
  m_ObjectHideFlags: 0
  m_CorrespondingSourceObject: {fileID: 0}
  m_PrefabInstance: {fileID: 0}
  m_PrefabAsset: {fileID: 0}
  m_GameObject: {fileID: 1835912647}
  m_LocalRotation: {x: -0, y: -0, z: -0, w: 1}
  m_LocalPosition: {x: 0.11559498, y: -0.99070954, z: 0.16530538}
  m_LocalScale: {x: 1, y: 1, z: 1}
  m_Children:
  - {fileID: 2034961970}
  m_Father: {fileID: 5743144352055145262}
  m_RootOrder: 2
  m_LocalEulerAnglesHint: {x: 0, y: 0, z: 0}
--- !u!114 &1835912649
MonoBehaviour:
  m_ObjectHideFlags: 0
  m_CorrespondingSourceObject: {fileID: 0}
  m_PrefabInstance: {fileID: 0}
  m_PrefabAsset: {fileID: 0}
  m_GameObject: {fileID: 1835912647}
  m_Enabled: 1
  m_EditorHideFlags: 0
  m_Script: {fileID: 11500000, guid: 70b342d8ce5c2fd48b8fa3147d48d1d1, type: 3}
  m_Name: 
  m_EditorClassIdentifier: 
  m_Weight: 1
  m_Effectors: []
--- !u!1 &2034961969
GameObject:
  m_ObjectHideFlags: 0
  m_CorrespondingSourceObject: {fileID: 0}
  m_PrefabInstance: {fileID: 0}
  m_PrefabAsset: {fileID: 0}
  serializedVersion: 6
  m_Component:
  - component: {fileID: 2034961970}
  - component: {fileID: 2034961971}
  m_Layer: 0
  m_Name: Right
  m_TagString: Untagged
  m_Icon: {fileID: 0}
  m_NavMeshLayer: 0
  m_StaticEditorFlags: 0
  m_IsActive: 1
--- !u!4 &2034961970
Transform:
  m_ObjectHideFlags: 0
  m_CorrespondingSourceObject: {fileID: 0}
  m_PrefabInstance: {fileID: 0}
  m_PrefabAsset: {fileID: 0}
  m_GameObject: {fileID: 2034961969}
  m_LocalRotation: {x: 0, y: 0, z: 0, w: 1}
  m_LocalPosition: {x: 0, y: 0, z: 0}
  m_LocalScale: {x: 1, y: 1, z: 1}
  m_Children:
  - {fileID: 1165573405}
  - {fileID: 1194522777}
  m_Father: {fileID: 1835912648}
  m_RootOrder: 0
  m_LocalEulerAnglesHint: {x: 0, y: 0, z: 0}
--- !u!114 &2034961971
MonoBehaviour:
  m_ObjectHideFlags: 0
  m_CorrespondingSourceObject: {fileID: 0}
  m_PrefabInstance: {fileID: 0}
  m_PrefabAsset: {fileID: 0}
  m_GameObject: {fileID: 2034961969}
  m_Enabled: 1
  m_EditorHideFlags: 0
  m_Script: {fileID: 11500000, guid: aeda7bfbf984f2a4da5ab4b8967b115d, type: 3}
  m_Name: 
  m_EditorClassIdentifier: 
  m_Weight: 1
  m_Data:
    m_Root: {fileID: 7893569174373058763}
    m_Mid: {fileID: 7893569174373058765}
    m_Tip: {fileID: 7893569174373058809}
    m_Target: {fileID: 1165573405}
    m_Hint: {fileID: 1194522777}
    m_TargetPositionWeight: 1
    m_TargetRotationWeight: 1
    m_HintWeight: 1
    m_MaintainTargetPositionOffset: 0
    m_MaintainTargetRotationOffset: 0
  m_SourceObjectsGUIToggle: 1
  m_SettingsGUIToggle: 0
--- !u!1 &2115972935
GameObject:
  m_ObjectHideFlags: 0
  m_CorrespondingSourceObject: {fileID: 0}
  m_PrefabInstance: {fileID: 0}
  m_PrefabAsset: {fileID: 0}
  serializedVersion: 6
  m_Component:
  - component: {fileID: 2115972936}
  - component: {fileID: 2115972937}
  m_Layer: 0
  m_Name: Left shoulder
  m_TagString: Untagged
  m_Icon: {fileID: 0}
  m_NavMeshLayer: 0
  m_StaticEditorFlags: 0
  m_IsActive: 1
--- !u!4 &2115972936
Transform:
  m_ObjectHideFlags: 0
  m_CorrespondingSourceObject: {fileID: 0}
  m_PrefabInstance: {fileID: 0}
  m_PrefabAsset: {fileID: 0}
  m_GameObject: {fileID: 2115972935}
  m_LocalRotation: {x: -0, y: -0, z: -0, w: 1}
  m_LocalPosition: {x: 0.11559498, y: -0.99070954, z: 0.16530538}
  m_LocalScale: {x: 1, y: 1, z: 1}
  m_Children:
  - {fileID: 456044874}
  m_Father: {fileID: 5743144352055145262}
  m_RootOrder: 3
  m_LocalEulerAnglesHint: {x: 0, y: 0, z: 0}
--- !u!114 &2115972937
MonoBehaviour:
  m_ObjectHideFlags: 0
  m_CorrespondingSourceObject: {fileID: 0}
  m_PrefabInstance: {fileID: 0}
  m_PrefabAsset: {fileID: 0}
  m_GameObject: {fileID: 2115972935}
  m_Enabled: 1
  m_EditorHideFlags: 0
  m_Script: {fileID: 11500000, guid: 70b342d8ce5c2fd48b8fa3147d48d1d1, type: 3}
  m_Name: 
  m_EditorClassIdentifier: 
  m_Weight: 1
  m_Effectors: []
--- !u!1 &5743144352055145258
GameObject:
  m_ObjectHideFlags: 0
  m_CorrespondingSourceObject: {fileID: 0}
  m_PrefabInstance: {fileID: 0}
  m_PrefabAsset: {fileID: 0}
  serializedVersion: 6
  m_Component:
  - component: {fileID: 5743144352055145262}
  - component: {fileID: 5743144352055145256}
  - component: {fileID: 5743144352055145257}
  m_Layer: 0
  m_Name: Rin
  m_TagString: Untagged
  m_Icon: {fileID: 0}
  m_NavMeshLayer: 0
  m_StaticEditorFlags: 0
  m_IsActive: 1
--- !u!4 &5743144352055145262
Transform:
  m_ObjectHideFlags: 0
  m_CorrespondingSourceObject: {fileID: 0}
  m_PrefabInstance: {fileID: 0}
  m_PrefabAsset: {fileID: 0}
  m_GameObject: {fileID: 5743144352055145258}
  m_LocalRotation: {x: 0, y: 0, z: 0, w: 1}
  m_LocalPosition: {x: -1.0432637, y: 1.007726, z: 0.366}
  m_LocalScale: {x: 1, y: 1, z: 1}
  m_Children:
  - {fileID: 7893569174373058815}
  - {fileID: 360623134}
  - {fileID: 1835912648}
  - {fileID: 2115972936}
  m_Father: {fileID: 0}
  m_RootOrder: 0
  m_LocalEulerAnglesHint: {x: 0, y: 0, z: 0}
--- !u!95 &5743144352055145256
Animator:
  serializedVersion: 3
  m_ObjectHideFlags: 0
  m_CorrespondingSourceObject: {fileID: 0}
  m_PrefabInstance: {fileID: 0}
  m_PrefabAsset: {fileID: 0}
  m_GameObject: {fileID: 5743144352055145258}
  m_Enabled: 1
  m_Avatar: {fileID: 0}
  m_Controller: {fileID: 0}
  m_CullingMode: 0
  m_UpdateMode: 0
  m_ApplyRootMotion: 0
  m_LinearVelocityBlending: 0
  m_WarningMessage: 
  m_HasTransformHierarchy: 1
  m_AllowConstantClipSamplingOptimization: 1
  m_KeepAnimatorControllerStateOnDisable: 0
--- !u!114 &5743144352055145257
MonoBehaviour:
  m_ObjectHideFlags: 0
  m_CorrespondingSourceObject: {fileID: 0}
  m_PrefabInstance: {fileID: 0}
  m_PrefabAsset: {fileID: 0}
  m_GameObject: {fileID: 5743144352055145258}
  m_Enabled: 1
  m_EditorHideFlags: 0
  m_Script: {fileID: 11500000, guid: fff0960ef4ea6e04eac66b4a7fd2189d, type: 3}
  m_Name: 
  m_EditorClassIdentifier: 
  m_RigLayers:
  - rig: {fileID: 360623135}
    active: 1
  - rig: {fileID: 1835912649}
    active: 1
  - rig: {fileID: 2115972937}
    active: 1
  m_Effectors: []
--- !u!54 &279769724328286954
Rigidbody:
  m_ObjectHideFlags: 0
  m_CorrespondingSourceObject: {fileID: 0}
  m_PrefabInstance: {fileID: 0}
  m_PrefabAsset: {fileID: 0}
  m_GameObject: {fileID: 7893569174373225503}
  serializedVersion: 2
  m_Mass: 1
  m_Drag: 0
  m_AngularDrag: 0.05
  m_UseGravity: 1
  m_IsKinematic: 0
  m_Interpolate: 0
  m_Constraints: 0
  m_CollisionDetection: 0
--- !u!136 &1389054812998543967
CapsuleCollider:
  m_ObjectHideFlags: 0
  m_CorrespondingSourceObject: {fileID: 0}
  m_PrefabInstance: {fileID: 0}
  m_PrefabAsset: {fileID: 0}
  m_GameObject: {fileID: 7893569174373225503}
  m_Material: {fileID: 0}
  m_IsTrigger: 0
  m_Enabled: 1
  m_Radius: 0.5
  m_Height: 1
  m_Direction: 1
  m_Center: {x: 0, y: 0, z: 0}
--- !u!114 &651224412
MonoBehaviour:
  m_ObjectHideFlags: 0
  m_CorrespondingSourceObject: {fileID: 0}
  m_PrefabInstance: {fileID: 0}
  m_PrefabAsset: {fileID: 0}
  m_GameObject: {fileID: 7893569174373225503}
  m_Enabled: 1
  m_EditorHideFlags: 0
  m_Script: {fileID: 11500000, guid: b2d8418b0b9634b1892b0268dd9c2743, type: 3}
  m_Name: 
  m_EditorClassIdentifier: 
  boneShape: 1
  drawBones: 1
  drawTripods: 0
  boneSize: 1
  tripodSize: 1
  boneColor: {r: 0, g: 0, b: 1, a: 0.5}
  m_Transforms:
  - {fileID: 7893569174373058903}
  - {fileID: 7893569174373058927}
  - {fileID: 7893569174373058699}
  - {fileID: 7893569174373058745}
  - {fileID: 7893569174373058753}
  - {fileID: 7893569174373058785}
  - {fileID: 7893569174373058833}
  - {fileID: 7893569174373058845}
  - {fileID: 7893569174373058847}
  - {fileID: 7893569174373058747}
  - {fileID: 7893569174373058775}
  - {fileID: 7893569174373058755}
  - {fileID: 7893569174373058763}
  - {fileID: 7893569174373058765}
  - {fileID: 7893569174373058809}
  - {fileID: 7893569174373058891}
  - {fileID: 7893569174373058729}
  - {fileID: 7893569174373058777}
  - {fileID: 7893569174373058803}
  - {fileID: 7893569174373058789}
  - {fileID: 7893569174373058585}
  - {fileID: 7893569174373058591}
  - {fileID: 7893569174373058807}
  - {fileID: 7893569174373058797}
  - {fileID: 7893569174373058781}
  - {fileID: 7893569174373058771}
  - {fileID: 7893569174373058733}
  - {fileID: 7893569174373058723}
  - {fileID: 7893569174373058895}
  - {fileID: 7893569174373058885}
  - {fileID: 7893569174373058901}
  - {fileID: 7893569174373058835}
  - {fileID: 7893569174373058839}
  - {fileID: 7893569174373058859}
  - {fileID: 7893569174373058819}
  - {fileID: 7893569174373058871}
  - {fileID: 7893569174373058817}
  - {fileID: 7893569174373058857}
  - {fileID: 7893569174373058869}
  - {fileID: 7893569174373058907}
  - {fileID: 7893569174373058739}
  - {fileID: 7893569174373058811}
  - {fileID: 7893569174373058909}
  - {fileID: 7893569174373058829}
  - {fileID: 7893569174373058899}
  - {fileID: 7893569174373058855}
  - {fileID: 7893569174373058853}
  - {fileID: 7893569174373058821}
  - {fileID: 7893569174373058849}
  - {fileID: 7893569174373058865}
  - {fileID: 7893569174373058851}
  - {fileID: 7893569174373058877}
  - {fileID: 7893569174373058861}
  - {fileID: 7893569174373058863}
  - {fileID: 7893569174373058831}
  - {fileID: 7893569174373058911}
  - {fileID: 7893569174373058827}
  - {fileID: 7893569174373058873}
  - {fileID: 7893569174373058691}
  - {fileID: 7893569174373058693}
  - {fileID: 7893569174373058737}
  - {fileID: 7893569174373058889}
  - {fileID: 7893569174373058743}
  - {fileID: 7893569174373058727}
  - {fileID: 7893569174373058801}
  - {fileID: 7893569174373058787}
  - {fileID: 7893569174373058791}
  - {fileID: 7893569174373058587}
  - {fileID: 7893569174373058805}
  - {fileID: 7893569174373058793}
  - {fileID: 7893569174373058779}
  - {fileID: 7893569174373058783}
  - {fileID: 7893569174373058731}
  - {fileID: 7893569174373058735}
  - {fileID: 7893569174373058893}
  - {fileID: 7893569174373058881}
  - {fileID: 7893569174373058917}
  - {fileID: 7893569174373058919}
  - {fileID: 7893569174373058937}
  - {fileID: 7893569174373058939}
  - {fileID: 7893569174373058767}
  - {fileID: 7893569174373058761}
  - {fileID: 7893569174373058757}
  - {fileID: 7893569174373058759}
  - {fileID: 7893569174373058697}
  - {fileID: 7893569174373058703}
  - {fileID: 7893569174373058707}
  - {fileID: 7893569174373058709}
  - {fileID: 7893569174373058705}
  - {fileID: 7893569174373058711}
  - {fileID: 7893569174373058715}
  - {fileID: 7893569174373058717}
  - {fileID: 7893569174373058713}
  - {fileID: 7893569174373058719}
  - {fileID: 7893569174373058695}
  - {fileID: 7893569174373058689}
  - {fileID: 7893569174373058749}
  - {fileID: 7893569174373058751}
  - {fileID: 7893569174373058925}
  - {fileID: 7893569174373058915}
  - {fileID: 7893569174373058935}
  - {fileID: 7893569174373058921}
  - {fileID: 7893569174373058933}
  - {fileID: 7893569174373058923}
  - {fileID: 7893569174373058943}
  - {fileID: 7893569174373058929}
  - {fileID: 7893569174373058941}
  - {fileID: 7893569174373058931}
--- !u!114 &231624365928621769
MonoBehaviour:
  m_ObjectHideFlags: 0
  m_CorrespondingSourceObject: {fileID: 0}
  m_PrefabInstance: {fileID: 0}
  m_PrefabAsset: {fileID: 0}
  m_GameObject: {fileID: 7893569174373225503}
  m_Enabled: 1
  m_EditorHideFlags: 0
  m_Script: {fileID: 11500000, guid: 8c5335f0882fe4d478883cc8c58ce906, type: 3}
  m_Name: 
  m_EditorClassIdentifier: 
  target: {fileID: 0}
--- !u!114 &2501212827975147814
MonoBehaviour:
  m_ObjectHideFlags: 0
  m_CorrespondingSourceObject: {fileID: 0}
  m_PrefabInstance: {fileID: 0}
  m_PrefabAsset: {fileID: 0}
  m_GameObject: {fileID: 7893569174373225503}
  m_Enabled: 1
  m_EditorHideFlags: 0
  m_Script: {fileID: 11500000, guid: ce7a80d520cacc042b5fe14f373d8173, type: 3}
  m_Name: 
  m_EditorClassIdentifier: 
  m_MovingTurnSpeed: 360
  m_StationaryTurnSpeed: 180
  m_JumpPower: 6
  m_GravityMultiplier: 2
  m_RunCycleLegOffset: 0.2
  m_MoveSpeedMultiplier: 1
  m_AnimSpeedMultiplier: 1
  m_GroundCheckDistance: 1
--- !u!114 &2781745857017444410
MonoBehaviour:
  m_ObjectHideFlags: 0
  m_CorrespondingSourceObject: {fileID: 0}
  m_PrefabInstance: {fileID: 0}
  m_PrefabAsset: {fileID: 0}
  m_GameObject: {fileID: 7893569174373225503}
  m_Enabled: 1
  m_EditorHideFlags: 0
  m_Script: {fileID: 11500000, guid: e4c95c80398682d45baefd9877b3f468, type: 3}
  m_Name: 
  m_EditorClassIdentifier: 
  RigBuilder: {fileID: 5743144352055145257}
  CaraFija: 0
  tiempoEspera: 2
  tiempo: 0
--- !u!195 &3966329318616983840
NavMeshAgent:
  m_ObjectHideFlags: 0
  m_CorrespondingSourceObject: {fileID: 0}
  m_PrefabInstance: {fileID: 0}
  m_PrefabAsset: {fileID: 0}
  m_GameObject: {fileID: 7893569174373225503}
  m_Enabled: 1
  m_AgentTypeID: 0
  m_Radius: 0.5
  m_Speed: 3.5
  m_Acceleration: 8
  avoidancePriority: 50
  m_AngularSpeed: 120
  m_StoppingDistance: 0
  m_AutoTraverseOffMeshLink: 1
  m_AutoBraking: 1
  m_AutoRepath: 1
  m_Height: 2
  m_BaseOffset: 0
  m_WalkableMask: 4294967295
  m_ObstacleAvoidanceType: 4
--- !u!1001 &7893569174373192601
PrefabInstance:
  m_ObjectHideFlags: 0
  serializedVersion: 2
  m_Modification:
    m_TransformParent: {fileID: 5743144352055145262}
    m_Modifications:
    - target: {fileID: 100230, guid: aa5b460e6ecf054499bd23c192b47870, type: 3}
      propertyPath: m_Name
      value: Rin (Atlas FBX)
      objectReference: {fileID: 0}
    - target: {fileID: 400230, guid: aa5b460e6ecf054499bd23c192b47870, type: 3}
      propertyPath: m_RootOrder
      value: 0
      objectReference: {fileID: 0}
    - target: {fileID: 400230, guid: aa5b460e6ecf054499bd23c192b47870, type: 3}
      propertyPath: m_LocalPosition.x
      value: 0
      objectReference: {fileID: 0}
    - target: {fileID: 400230, guid: aa5b460e6ecf054499bd23c192b47870, type: 3}
      propertyPath: m_LocalPosition.y
      value: -0.99070954
      objectReference: {fileID: 0}
    - target: {fileID: 400230, guid: aa5b460e6ecf054499bd23c192b47870, type: 3}
      propertyPath: m_LocalPosition.z
      value: 0
      objectReference: {fileID: 0}
    - target: {fileID: 400230, guid: aa5b460e6ecf054499bd23c192b47870, type: 3}
      propertyPath: m_LocalRotation.w
      value: 1
      objectReference: {fileID: 0}
    - target: {fileID: 400230, guid: aa5b460e6ecf054499bd23c192b47870, type: 3}
      propertyPath: m_LocalRotation.x
      value: -0
      objectReference: {fileID: 0}
    - target: {fileID: 400230, guid: aa5b460e6ecf054499bd23c192b47870, type: 3}
      propertyPath: m_LocalRotation.y
      value: -0
      objectReference: {fileID: 0}
    - target: {fileID: 400230, guid: aa5b460e6ecf054499bd23c192b47870, type: 3}
      propertyPath: m_LocalRotation.z
      value: -0
      objectReference: {fileID: 0}
    - target: {fileID: 400230, guid: aa5b460e6ecf054499bd23c192b47870, type: 3}
      propertyPath: m_LocalEulerAnglesHint.x
      value: 0
      objectReference: {fileID: 0}
    - target: {fileID: 400230, guid: aa5b460e6ecf054499bd23c192b47870, type: 3}
      propertyPath: m_LocalEulerAnglesHint.y
      value: 0
      objectReference: {fileID: 0}
    - target: {fileID: 400230, guid: aa5b460e6ecf054499bd23c192b47870, type: 3}
      propertyPath: m_LocalEulerAnglesHint.z
      value: 0
      objectReference: {fileID: 0}
    - target: {fileID: 9500000, guid: aa5b460e6ecf054499bd23c192b47870, type: 3}
      propertyPath: m_Controller
      value: 
      objectReference: {fileID: 9100000, guid: e2cf68ff4b1ffda45a77f7307dd789b9, type: 2}
    m_RemovedComponents: []
  m_SourcePrefab: {fileID: 100100000, guid: aa5b460e6ecf054499bd23c192b47870, type: 3}
--- !u!4 &7893569174373058761 stripped
Transform:
  m_CorrespondingSourceObject: {fileID: 400208, guid: aa5b460e6ecf054499bd23c192b47870,
    type: 3}
  m_PrefabInstance: {fileID: 7893569174373192601}
  m_PrefabAsset: {fileID: 0}
--- !u!4 &7893569174373058757 stripped
Transform:
  m_CorrespondingSourceObject: {fileID: 400220, guid: aa5b460e6ecf054499bd23c192b47870,
    type: 3}
  m_PrefabInstance: {fileID: 7893569174373192601}
  m_PrefabAsset: {fileID: 0}
--- !u!4 &7893569174373058759 stripped
Transform:
  m_CorrespondingSourceObject: {fileID: 400222, guid: aa5b460e6ecf054499bd23c192b47870,
    type: 3}
  m_PrefabInstance: {fileID: 7893569174373192601}
  m_PrefabAsset: {fileID: 0}
--- !u!4 &7893569174373058785 stripped
Transform:
  m_CorrespondingSourceObject: {fileID: 400248, guid: aa5b460e6ecf054499bd23c192b47870,
    type: 3}
  m_PrefabInstance: {fileID: 7893569174373192601}
  m_PrefabAsset: {fileID: 0}
--- !u!4 &7893569174373058833 stripped
Transform:
  m_CorrespondingSourceObject: {fileID: 400008, guid: aa5b460e6ecf054499bd23c192b47870,
    type: 3}
  m_PrefabInstance: {fileID: 7893569174373192601}
  m_PrefabAsset: {fileID: 0}
--- !u!4 &7893569174373058845 stripped
Transform:
  m_CorrespondingSourceObject: {fileID: 400004, guid: aa5b460e6ecf054499bd23c192b47870,
    type: 3}
  m_PrefabInstance: {fileID: 7893569174373192601}
  m_PrefabAsset: {fileID: 0}
--- !u!4 &7893569174373058937 stripped
Transform:
  m_CorrespondingSourceObject: {fileID: 400096, guid: aa5b460e6ecf054499bd23c192b47870,
    type: 3}
  m_PrefabInstance: {fileID: 7893569174373192601}
  m_PrefabAsset: {fileID: 0}
--- !u!4 &7893569174373058939 stripped
Transform:
  m_CorrespondingSourceObject: {fileID: 400098, guid: aa5b460e6ecf054499bd23c192b47870,
    type: 3}
  m_PrefabInstance: {fileID: 7893569174373192601}
  m_PrefabAsset: {fileID: 0}
--- !u!4 &7893569174373058847 stripped
Transform:
  m_CorrespondingSourceObject: {fileID: 400006, guid: aa5b460e6ecf054499bd23c192b47870,
    type: 3}
  m_PrefabInstance: {fileID: 7893569174373192601}
  m_PrefabAsset: {fileID: 0}
--- !u!4 &7893569174373058917 stripped
Transform:
  m_CorrespondingSourceObject: {fileID: 400124, guid: aa5b460e6ecf054499bd23c192b47870,
    type: 3}
  m_PrefabInstance: {fileID: 7893569174373192601}
  m_PrefabAsset: {fileID: 0}
--- !u!4 &7893569174373058919 stripped
Transform:
  m_CorrespondingSourceObject: {fileID: 400126, guid: aa5b460e6ecf054499bd23c192b47870,
    type: 3}
  m_PrefabInstance: {fileID: 7893569174373192601}
  m_PrefabAsset: {fileID: 0}
--- !u!4 &7893569174373058747 stripped
Transform:
  m_CorrespondingSourceObject: {fileID: 400162, guid: aa5b460e6ecf054499bd23c192b47870,
    type: 3}
  m_PrefabInstance: {fileID: 7893569174373192601}
  m_PrefabAsset: {fileID: 0}
--- !u!4 &7893569174373058691 stripped
Transform:
  m_CorrespondingSourceObject: {fileID: 400154, guid: aa5b460e6ecf054499bd23c192b47870,
    type: 3}
  m_PrefabInstance: {fileID: 7893569174373192601}
  m_PrefabAsset: {fileID: 0}
--- !u!4 &7893569174373058693 stripped
Transform:
  m_CorrespondingSourceObject: {fileID: 400156, guid: aa5b460e6ecf054499bd23c192b47870,
    type: 3}
  m_PrefabInstance: {fileID: 7893569174373192601}
  m_PrefabAsset: {fileID: 0}
--- !u!4 &7893569174373058737 stripped
Transform:
  m_CorrespondingSourceObject: {fileID: 400168, guid: aa5b460e6ecf054499bd23c192b47870,
    type: 3}
  m_PrefabInstance: {fileID: 7893569174373192601}
  m_PrefabAsset: {fileID: 0}
--- !u!4 &7893569174373058889 stripped
Transform:
  m_CorrespondingSourceObject: {fileID: 400080, guid: aa5b460e6ecf054499bd23c192b47870,
    type: 3}
  m_PrefabInstance: {fileID: 7893569174373192601}
  m_PrefabAsset: {fileID: 0}
--- !u!4 &7893569174373058893 stripped
Transform:
  m_CorrespondingSourceObject: {fileID: 400084, guid: aa5b460e6ecf054499bd23c192b47870,
    type: 3}
  m_PrefabInstance: {fileID: 7893569174373192601}
  m_PrefabAsset: {fileID: 0}
--- !u!4 &7893569174373058881 stripped
Transform:
  m_CorrespondingSourceObject: {fileID: 400088, guid: aa5b460e6ecf054499bd23c192b47870,
    type: 3}
  m_PrefabInstance: {fileID: 7893569174373192601}
  m_PrefabAsset: {fileID: 0}
--- !u!4 &7893569174373058743 stripped
Transform:
  m_CorrespondingSourceObject: {fileID: 400174, guid: aa5b460e6ecf054499bd23c192b47870,
    type: 3}
  m_PrefabInstance: {fileID: 7893569174373192601}
  m_PrefabAsset: {fileID: 0}
--- !u!4 &7893569174373058731 stripped
Transform:
  m_CorrespondingSourceObject: {fileID: 400178, guid: aa5b460e6ecf054499bd23c192b47870,
    type: 3}
  m_PrefabInstance: {fileID: 7893569174373192601}
  m_PrefabAsset: {fileID: 0}
--- !u!4 &7893569174373058735 stripped
Transform:
  m_CorrespondingSourceObject: {fileID: 400182, guid: aa5b460e6ecf054499bd23c192b47870,
    type: 3}
  m_PrefabInstance: {fileID: 7893569174373192601}
  m_PrefabAsset: {fileID: 0}
--- !u!4 &7893569174373058727 stripped
Transform:
  m_CorrespondingSourceObject: {fileID: 400190, guid: aa5b460e6ecf054499bd23c192b47870,
    type: 3}
  m_PrefabInstance: {fileID: 7893569174373192601}
  m_PrefabAsset: {fileID: 0}
--- !u!4 &7893569174373058779 stripped
Transform:
  m_CorrespondingSourceObject: {fileID: 400194, guid: aa5b460e6ecf054499bd23c192b47870,
    type: 3}
  m_PrefabInstance: {fileID: 7893569174373192601}
  m_PrefabAsset: {fileID: 0}
--- !u!4 &7893569174373058783 stripped
Transform:
  m_CorrespondingSourceObject: {fileID: 400198, guid: aa5b460e6ecf054499bd23c192b47870,
    type: 3}
  m_PrefabInstance: {fileID: 7893569174373192601}
  m_PrefabAsset: {fileID: 0}
--- !u!4 &7893569174373058801 stripped
Transform:
  m_CorrespondingSourceObject: {fileID: 400232, guid: aa5b460e6ecf054499bd23c192b47870,
    type: 3}
  m_PrefabInstance: {fileID: 7893569174373192601}
  m_PrefabAsset: {fileID: 0}
--- !u!4 &7893569174373058805 stripped
Transform:
  m_CorrespondingSourceObject: {fileID: 400236, guid: aa5b460e6ecf054499bd23c192b47870,
    type: 3}
  m_PrefabInstance: {fileID: 7893569174373192601}
  m_PrefabAsset: {fileID: 0}
--- !u!4 &7893569174373058793 stripped
Transform:
  m_CorrespondingSourceObject: {fileID: 400240, guid: aa5b460e6ecf054499bd23c192b47870,
    type: 3}
  m_PrefabInstance: {fileID: 7893569174373192601}
  m_PrefabAsset: {fileID: 0}
--- !u!4 &7893569174373058787 stripped
Transform:
  m_CorrespondingSourceObject: {fileID: 400250, guid: aa5b460e6ecf054499bd23c192b47870,
    type: 3}
  m_PrefabInstance: {fileID: 7893569174373192601}
  m_PrefabAsset: {fileID: 0}
--- !u!4 &7893569174373058791 stripped
Transform:
  m_CorrespondingSourceObject: {fileID: 400254, guid: aa5b460e6ecf054499bd23c192b47870,
    type: 3}
  m_PrefabInstance: {fileID: 7893569174373192601}
  m_PrefabAsset: {fileID: 0}
--- !u!4 &7893569174373058587 stripped
Transform:
  m_CorrespondingSourceObject: {fileID: 400258, guid: aa5b460e6ecf054499bd23c192b47870,
    type: 3}
  m_PrefabInstance: {fileID: 7893569174373192601}
  m_PrefabAsset: {fileID: 0}
--- !u!4 &7893569174373058775 stripped
Transform:
  m_CorrespondingSourceObject: {fileID: 400206, guid: aa5b460e6ecf054499bd23c192b47870,
    type: 3}
  m_PrefabInstance: {fileID: 7893569174373192601}
  m_PrefabAsset: {fileID: 0}
--- !u!4 &7893569174373058901 stripped
Transform:
  m_CorrespondingSourceObject: {fileID: 400076, guid: aa5b460e6ecf054499bd23c192b47870,
    type: 3}
  m_PrefabInstance: {fileID: 7893569174373192601}
  m_PrefabAsset: {fileID: 0}
--- !u!4 &7893569174373058835 stripped
Transform:
  m_CorrespondingSourceObject: {fileID: 400010, guid: aa5b460e6ecf054499bd23c192b47870,
    type: 3}
  m_PrefabInstance: {fileID: 7893569174373192601}
  m_PrefabAsset: {fileID: 0}
--- !u!4 &7893569174373058943 stripped
Transform:
  m_CorrespondingSourceObject: {fileID: 400102, guid: aa5b460e6ecf054499bd23c192b47870,
    type: 3}
  m_PrefabInstance: {fileID: 7893569174373192601}
  m_PrefabAsset: {fileID: 0}
--- !u!4 &7893569174373058859 stripped
Transform:
  m_CorrespondingSourceObject: {fileID: 400050, guid: aa5b460e6ecf054499bd23c192b47870,
    type: 3}
  m_PrefabInstance: {fileID: 7893569174373192601}
  m_PrefabAsset: {fileID: 0}
--- !u!4 &7893569174373058827 stripped
Transform:
  m_CorrespondingSourceObject: {fileID: 400018, guid: aa5b460e6ecf054499bd23c192b47870,
    type: 3}
  m_PrefabInstance: {fileID: 7893569174373192601}
  m_PrefabAsset: {fileID: 0}
--- !u!4 &7893569174373058873 stripped
Transform:
  m_CorrespondingSourceObject: {fileID: 400032, guid: aa5b460e6ecf054499bd23c192b47870,
    type: 3}
  m_PrefabInstance: {fileID: 7893569174373192601}
  m_PrefabAsset: {fileID: 0}
--- !u!4 &7893569174373058819 stripped
Transform:
  m_CorrespondingSourceObject: {fileID: 400026, guid: aa5b460e6ecf054499bd23c192b47870,
    type: 3}
  m_PrefabInstance: {fileID: 7893569174373192601}
  m_PrefabAsset: {fileID: 0}
--- !u!4 &7893569174373058831 stripped
Transform:
  m_CorrespondingSourceObject: {fileID: 400022, guid: aa5b460e6ecf054499bd23c192b47870,
    type: 3}
  m_PrefabInstance: {fileID: 7893569174373192601}
  m_PrefabAsset: {fileID: 0}
--- !u!4 &7893569174373058911 stripped
Transform:
  m_CorrespondingSourceObject: {fileID: 400070, guid: aa5b460e6ecf054499bd23c192b47870,
    type: 3}
  m_PrefabInstance: {fileID: 7893569174373192601}
  m_PrefabAsset: {fileID: 0}
--- !u!4 &7893569174373058871 stripped
Transform:
  m_CorrespondingSourceObject: {fileID: 400046, guid: aa5b460e6ecf054499bd23c192b47870,
    type: 3}
  m_PrefabInstance: {fileID: 7893569174373192601}
  m_PrefabAsset: {fileID: 0}
--- !u!4 &7893569174373058861 stripped
Transform:
  m_CorrespondingSourceObject: {fileID: 400052, guid: aa5b460e6ecf054499bd23c192b47870,
    type: 3}
  m_PrefabInstance: {fileID: 7893569174373192601}
  m_PrefabAsset: {fileID: 0}
--- !u!4 &7893569174373058863 stripped
Transform:
  m_CorrespondingSourceObject: {fileID: 400054, guid: aa5b460e6ecf054499bd23c192b47870,
    type: 3}
  m_PrefabInstance: {fileID: 7893569174373192601}
  m_PrefabAsset: {fileID: 0}
--- !u!4 &7893569174373058817 stripped
Transform:
  m_CorrespondingSourceObject: {fileID: 400024, guid: aa5b460e6ecf054499bd23c192b47870,
    type: 3}
  m_PrefabInstance: {fileID: 7893569174373192601}
  m_PrefabAsset: {fileID: 0}
--- !u!4 &7893569174373058851 stripped
Transform:
  m_CorrespondingSourceObject: {fileID: 400058, guid: aa5b460e6ecf054499bd23c192b47870,
    type: 3}
  m_PrefabInstance: {fileID: 7893569174373192601}
  m_PrefabAsset: {fileID: 0}
--- !u!4 &7893569174373058877 stripped
Transform:
  m_CorrespondingSourceObject: {fileID: 400036, guid: aa5b460e6ecf054499bd23c192b47870,
    type: 3}
  m_PrefabInstance: {fileID: 7893569174373192601}
  m_PrefabAsset: {fileID: 0}
--- !u!4 &7893569174373058857 stripped
Transform:
  m_CorrespondingSourceObject: {fileID: 400048, guid: aa5b460e6ecf054499bd23c192b47870,
    type: 3}
  m_PrefabInstance: {fileID: 7893569174373192601}
  m_PrefabAsset: {fileID: 0}
--- !u!4 &7893569174373058849 stripped
Transform:
  m_CorrespondingSourceObject: {fileID: 400056, guid: aa5b460e6ecf054499bd23c192b47870,
    type: 3}
  m_PrefabInstance: {fileID: 7893569174373192601}
  m_PrefabAsset: {fileID: 0}
--- !u!4 &7893569174373058865 stripped
Transform:
  m_CorrespondingSourceObject: {fileID: 400040, guid: aa5b460e6ecf054499bd23c192b47870,
    type: 3}
  m_PrefabInstance: {fileID: 7893569174373192601}
  m_PrefabAsset: {fileID: 0}
--- !u!4 &7893569174373058869 stripped
Transform:
  m_CorrespondingSourceObject: {fileID: 400044, guid: aa5b460e6ecf054499bd23c192b47870,
    type: 3}
  m_PrefabInstance: {fileID: 7893569174373192601}
  m_PrefabAsset: {fileID: 0}
--- !u!4 &7893569174373058853 stripped
Transform:
  m_CorrespondingSourceObject: {fileID: 400060, guid: aa5b460e6ecf054499bd23c192b47870,
    type: 3}
  m_PrefabInstance: {fileID: 7893569174373192601}
  m_PrefabAsset: {fileID: 0}
--- !u!4 &7893569174373058821 stripped
Transform:
  m_CorrespondingSourceObject: {fileID: 400028, guid: aa5b460e6ecf054499bd23c192b47870,
    type: 3}
  m_PrefabInstance: {fileID: 7893569174373192601}
  m_PrefabAsset: {fileID: 0}
--- !u!4 &7893569174373058907 stripped
Transform:
  m_CorrespondingSourceObject: {fileID: 400066, guid: aa5b460e6ecf054499bd23c192b47870,
    type: 3}
  m_PrefabInstance: {fileID: 7893569174373192601}
  m_PrefabAsset: {fileID: 0}
--- !u!4 &7893569174373058909 stripped
Transform:
  m_CorrespondingSourceObject: {fileID: 400068, guid: aa5b460e6ecf054499bd23c192b47870,
    type: 3}
  m_PrefabInstance: {fileID: 7893569174373192601}
  m_PrefabAsset: {fileID: 0}
--- !u!4 &7893569174373058829 stripped
Transform:
  m_CorrespondingSourceObject: {fileID: 400020, guid: aa5b460e6ecf054499bd23c192b47870,
    type: 3}
  m_PrefabInstance: {fileID: 7893569174373192601}
  m_PrefabAsset: {fileID: 0}
--- !u!4 &7893569174373058899 stripped
Transform:
  m_CorrespondingSourceObject: {fileID: 400074, guid: aa5b460e6ecf054499bd23c192b47870,
    type: 3}
  m_PrefabInstance: {fileID: 7893569174373192601}
  m_PrefabAsset: {fileID: 0}
--- !u!4 &7893569174373058855 stripped
Transform:
  m_CorrespondingSourceObject: {fileID: 400062, guid: aa5b460e6ecf054499bd23c192b47870,
    type: 3}
  m_PrefabInstance: {fileID: 7893569174373192601}
  m_PrefabAsset: {fileID: 0}
--- !u!4 &7893569174373058739 stripped
Transform:
  m_CorrespondingSourceObject: {fileID: 400170, guid: aa5b460e6ecf054499bd23c192b47870,
    type: 3}
  m_PrefabInstance: {fileID: 7893569174373192601}
  m_PrefabAsset: {fileID: 0}
--- !u!4 &7893569174373058811 stripped
Transform:
  m_CorrespondingSourceObject: {fileID: 400226, guid: aa5b460e6ecf054499bd23c192b47870,
    type: 3}
  m_PrefabInstance: {fileID: 7893569174373192601}
  m_PrefabAsset: {fileID: 0}
--- !u!4 &7893569174373058755 stripped
Transform:
  m_CorrespondingSourceObject: {fileID: 400218, guid: aa5b460e6ecf054499bd23c192b47870,
    type: 3}
  m_PrefabInstance: {fileID: 7893569174373192601}
  m_PrefabAsset: {fileID: 0}
--- !u!4 &7893569174373058763 stripped
Transform:
  m_CorrespondingSourceObject: {fileID: 400210, guid: aa5b460e6ecf054499bd23c192b47870,
    type: 3}
  m_PrefabInstance: {fileID: 7893569174373192601}
  m_PrefabAsset: {fileID: 0}
--- !u!4 &7893569174373058765 stripped
Transform:
  m_CorrespondingSourceObject: {fileID: 400212, guid: aa5b460e6ecf054499bd23c192b47870,
    type: 3}
  m_PrefabInstance: {fileID: 7893569174373192601}
  m_PrefabAsset: {fileID: 0}
--- !u!4 &7893569174373058809 stripped
Transform:
  m_CorrespondingSourceObject: {fileID: 400224, guid: aa5b460e6ecf054499bd23c192b47870,
    type: 3}
  m_PrefabInstance: {fileID: 7893569174373192601}
  m_PrefabAsset: {fileID: 0}
--- !u!4 &7893569174373058891 stripped
Transform:
  m_CorrespondingSourceObject: {fileID: 400082, guid: aa5b460e6ecf054499bd23c192b47870,
    type: 3}
  m_PrefabInstance: {fileID: 7893569174373192601}
  m_PrefabAsset: {fileID: 0}
--- !u!4 &7893569174373058895 stripped
Transform:
  m_CorrespondingSourceObject: {fileID: 400086, guid: aa5b460e6ecf054499bd23c192b47870,
    type: 3}
  m_PrefabInstance: {fileID: 7893569174373192601}
  m_PrefabAsset: {fileID: 0}
--- !u!4 &7893569174373058885 stripped
Transform:
  m_CorrespondingSourceObject: {fileID: 400092, guid: aa5b460e6ecf054499bd23c192b47870,
    type: 3}
  m_PrefabInstance: {fileID: 7893569174373192601}
  m_PrefabAsset: {fileID: 0}
--- !u!4 &7893569174373058729 stripped
Transform:
  m_CorrespondingSourceObject: {fileID: 400176, guid: aa5b460e6ecf054499bd23c192b47870,
    type: 3}
  m_PrefabInstance: {fileID: 7893569174373192601}
  m_PrefabAsset: {fileID: 0}
--- !u!4 &7893569174373058733 stripped
Transform:
  m_CorrespondingSourceObject: {fileID: 400180, guid: aa5b460e6ecf054499bd23c192b47870,
    type: 3}
  m_PrefabInstance: {fileID: 7893569174373192601}
  m_PrefabAsset: {fileID: 0}
--- !u!4 &7893569174373058723 stripped
Transform:
  m_CorrespondingSourceObject: {fileID: 400186, guid: aa5b460e6ecf054499bd23c192b47870,
    type: 3}
  m_PrefabInstance: {fileID: 7893569174373192601}
  m_PrefabAsset: {fileID: 0}
--- !u!4 &7893569174373058777 stripped
Transform:
  m_CorrespondingSourceObject: {fileID: 400192, guid: aa5b460e6ecf054499bd23c192b47870,
    type: 3}
  m_PrefabInstance: {fileID: 7893569174373192601}
  m_PrefabAsset: {fileID: 0}
--- !u!4 &7893569174373058781 stripped
Transform:
  m_CorrespondingSourceObject: {fileID: 400196, guid: aa5b460e6ecf054499bd23c192b47870,
    type: 3}
  m_PrefabInstance: {fileID: 7893569174373192601}
  m_PrefabAsset: {fileID: 0}
--- !u!1 &7893569174373225503 stripped
GameObject:
  m_CorrespondingSourceObject: {fileID: 100230, guid: aa5b460e6ecf054499bd23c192b47870,
    type: 3}
  m_PrefabInstance: {fileID: 7893569174373192601}
  m_PrefabAsset: {fileID: 0}
--- !u!4 &7893569174373058803 stripped
Transform:
  m_CorrespondingSourceObject: {fileID: 400234, guid: aa5b460e6ecf054499bd23c192b47870,
    type: 3}
  m_PrefabInstance: {fileID: 7893569174373192601}
  m_PrefabAsset: {fileID: 0}
--- !u!4 &7893569174373058807 stripped
Transform:
  m_CorrespondingSourceObject: {fileID: 400238, guid: aa5b460e6ecf054499bd23c192b47870,
    type: 3}
  m_PrefabInstance: {fileID: 7893569174373192601}
  m_PrefabAsset: {fileID: 0}
--- !u!4 &7893569174373058797 stripped
Transform:
  m_CorrespondingSourceObject: {fileID: 400244, guid: aa5b460e6ecf054499bd23c192b47870,
    type: 3}
  m_PrefabInstance: {fileID: 7893569174373192601}
  m_PrefabAsset: {fileID: 0}
--- !u!4 &7893569174373058789 stripped
Transform:
  m_CorrespondingSourceObject: {fileID: 400252, guid: aa5b460e6ecf054499bd23c192b47870,
    type: 3}
  m_PrefabInstance: {fileID: 7893569174373192601}
  m_PrefabAsset: {fileID: 0}
--- !u!4 &7893569174373058585 stripped
Transform:
  m_CorrespondingSourceObject: {fileID: 400256, guid: aa5b460e6ecf054499bd23c192b47870,
    type: 3}
  m_PrefabInstance: {fileID: 7893569174373192601}
  m_PrefabAsset: {fileID: 0}
--- !u!4 &7893569174373058591 stripped
Transform:
  m_CorrespondingSourceObject: {fileID: 400262, guid: aa5b460e6ecf054499bd23c192b47870,
    type: 3}
  m_PrefabInstance: {fileID: 7893569174373192601}
  m_PrefabAsset: {fileID: 0}
--- !u!4 &7893569174373058815 stripped
Transform:
  m_CorrespondingSourceObject: {fileID: 400230, guid: aa5b460e6ecf054499bd23c192b47870,
    type: 3}
  m_PrefabInstance: {fileID: 7893569174373192601}
  m_PrefabAsset: {fileID: 0}
--- !u!4 &7893569174373058903 stripped
Transform:
  m_CorrespondingSourceObject: {fileID: 400078, guid: aa5b460e6ecf054499bd23c192b47870,
    type: 3}
  m_PrefabInstance: {fileID: 7893569174373192601}
  m_PrefabAsset: {fileID: 0}
--- !u!4 &7893569174373058927 stripped
Transform:
  m_CorrespondingSourceObject: {fileID: 400118, guid: aa5b460e6ecf054499bd23c192b47870,
    type: 3}
  m_PrefabInstance: {fileID: 7893569174373192601}
  m_PrefabAsset: {fileID: 0}
--- !u!4 &7893569174373058699 stripped
Transform:
  m_CorrespondingSourceObject: {fileID: 400146, guid: aa5b460e6ecf054499bd23c192b47870,
    type: 3}
  m_PrefabInstance: {fileID: 7893569174373192601}
  m_PrefabAsset: {fileID: 0}
--- !u!4 &7893569174373058745 stripped
Transform:
  m_CorrespondingSourceObject: {fileID: 400160, guid: aa5b460e6ecf054499bd23c192b47870,
    type: 3}
  m_PrefabInstance: {fileID: 7893569174373192601}
  m_PrefabAsset: {fileID: 0}
--- !u!4 &7893569174373058941 stripped
Transform:
  m_CorrespondingSourceObject: {fileID: 400100, guid: aa5b460e6ecf054499bd23c192b47870,
    type: 3}
  m_PrefabInstance: {fileID: 7893569174373192601}
  m_PrefabAsset: {fileID: 0}
--- !u!4 &7893569174373058931 stripped
Transform:
  m_CorrespondingSourceObject: {fileID: 400106, guid: aa5b460e6ecf054499bd23c192b47870,
    type: 3}
  m_PrefabInstance: {fileID: 7893569174373192601}
  m_PrefabAsset: {fileID: 0}
--- !u!4 &7893569174373058929 stripped
Transform:
  m_CorrespondingSourceObject: {fileID: 400104, guid: aa5b460e6ecf054499bd23c192b47870,
    type: 3}
  m_PrefabInstance: {fileID: 7893569174373192601}
  m_PrefabAsset: {fileID: 0}
--- !u!4 &7893569174373058933 stripped
Transform:
  m_CorrespondingSourceObject: {fileID: 400108, guid: aa5b460e6ecf054499bd23c192b47870,
    type: 3}
  m_PrefabInstance: {fileID: 7893569174373192601}
  m_PrefabAsset: {fileID: 0}
--- !u!4 &7893569174373058923 stripped
Transform:
  m_CorrespondingSourceObject: {fileID: 400114, guid: aa5b460e6ecf054499bd23c192b47870,
    type: 3}
  m_PrefabInstance: {fileID: 7893569174373192601}
  m_PrefabAsset: {fileID: 0}
--- !u!4 &7893569174373058935 stripped
Transform:
  m_CorrespondingSourceObject: {fileID: 400110, guid: aa5b460e6ecf054499bd23c192b47870,
    type: 3}
  m_PrefabInstance: {fileID: 7893569174373192601}
  m_PrefabAsset: {fileID: 0}
--- !u!4 &7893569174373058921 stripped
Transform:
  m_CorrespondingSourceObject: {fileID: 400112, guid: aa5b460e6ecf054499bd23c192b47870,
    type: 3}
  m_PrefabInstance: {fileID: 7893569174373192601}
  m_PrefabAsset: {fileID: 0}
--- !u!4 &7893569174373058839 stripped
Transform:
  m_CorrespondingSourceObject: {fileID: 400014, guid: aa5b460e6ecf054499bd23c192b47870,
    type: 3}
  m_PrefabInstance: {fileID: 7893569174373192601}
  m_PrefabAsset: {fileID: 0}
--- !u!4 &7893569174373058925 stripped
Transform:
  m_CorrespondingSourceObject: {fileID: 400116, guid: aa5b460e6ecf054499bd23c192b47870,
    type: 3}
  m_PrefabInstance: {fileID: 7893569174373192601}
  m_PrefabAsset: {fileID: 0}
--- !u!4 &7893569174373058915 stripped
Transform:
  m_CorrespondingSourceObject: {fileID: 400122, guid: aa5b460e6ecf054499bd23c192b47870,
    type: 3}
  m_PrefabInstance: {fileID: 7893569174373192601}
  m_PrefabAsset: {fileID: 0}
--- !u!4 &7893569174373058695 stripped
Transform:
  m_CorrespondingSourceObject: {fileID: 400158, guid: aa5b460e6ecf054499bd23c192b47870,
    type: 3}
  m_PrefabInstance: {fileID: 7893569174373192601}
  m_PrefabAsset: {fileID: 0}
--- !u!4 &7893569174373058689 stripped
Transform:
  m_CorrespondingSourceObject: {fileID: 400152, guid: aa5b460e6ecf054499bd23c192b47870,
    type: 3}
  m_PrefabInstance: {fileID: 7893569174373192601}
  m_PrefabAsset: {fileID: 0}
--- !u!4 &7893569174373058749 stripped
Transform:
  m_CorrespondingSourceObject: {fileID: 400164, guid: aa5b460e6ecf054499bd23c192b47870,
    type: 3}
  m_PrefabInstance: {fileID: 7893569174373192601}
  m_PrefabAsset: {fileID: 0}
--- !u!4 &7893569174373058751 stripped
Transform:
  m_CorrespondingSourceObject: {fileID: 400166, guid: aa5b460e6ecf054499bd23c192b47870,
    type: 3}
  m_PrefabInstance: {fileID: 7893569174373192601}
  m_PrefabAsset: {fileID: 0}
--- !u!4 &7893569174373058753 stripped
Transform:
  m_CorrespondingSourceObject: {fileID: 400216, guid: aa5b460e6ecf054499bd23c192b47870,
    type: 3}
  m_PrefabInstance: {fileID: 7893569174373192601}
  m_PrefabAsset: {fileID: 0}
--- !u!4 &7893569174373058713 stripped
Transform:
  m_CorrespondingSourceObject: {fileID: 400128, guid: aa5b460e6ecf054499bd23c192b47870,
    type: 3}
  m_PrefabInstance: {fileID: 7893569174373192601}
  m_PrefabAsset: {fileID: 0}
--- !u!4 &7893569174373058719 stripped
Transform:
  m_CorrespondingSourceObject: {fileID: 400134, guid: aa5b460e6ecf054499bd23c192b47870,
    type: 3}
  m_PrefabInstance: {fileID: 7893569174373192601}
  m_PrefabAsset: {fileID: 0}
--- !u!4 &7893569174373058715 stripped
Transform:
  m_CorrespondingSourceObject: {fileID: 400130, guid: aa5b460e6ecf054499bd23c192b47870,
    type: 3}
  m_PrefabInstance: {fileID: 7893569174373192601}
  m_PrefabAsset: {fileID: 0}
--- !u!4 &7893569174373058717 stripped
Transform:
  m_CorrespondingSourceObject: {fileID: 400132, guid: aa5b460e6ecf054499bd23c192b47870,
    type: 3}
  m_PrefabInstance: {fileID: 7893569174373192601}
  m_PrefabAsset: {fileID: 0}
--- !u!4 &7893569174373058705 stripped
Transform:
  m_CorrespondingSourceObject: {fileID: 400136, guid: aa5b460e6ecf054499bd23c192b47870,
    type: 3}
  m_PrefabInstance: {fileID: 7893569174373192601}
  m_PrefabAsset: {fileID: 0}
--- !u!4 &7893569174373058711 stripped
Transform:
  m_CorrespondingSourceObject: {fileID: 400142, guid: aa5b460e6ecf054499bd23c192b47870,
    type: 3}
  m_PrefabInstance: {fileID: 7893569174373192601}
  m_PrefabAsset: {fileID: 0}
--- !u!4 &7893569174373058707 stripped
Transform:
  m_CorrespondingSourceObject: {fileID: 400138, guid: aa5b460e6ecf054499bd23c192b47870,
    type: 3}
  m_PrefabInstance: {fileID: 7893569174373192601}
  m_PrefabAsset: {fileID: 0}
--- !u!4 &7893569174373058709 stripped
Transform:
  m_CorrespondingSourceObject: {fileID: 400140, guid: aa5b460e6ecf054499bd23c192b47870,
    type: 3}
  m_PrefabInstance: {fileID: 7893569174373192601}
  m_PrefabAsset: {fileID: 0}
--- !u!4 &7893569174373058697 stripped
Transform:
  m_CorrespondingSourceObject: {fileID: 400144, guid: aa5b460e6ecf054499bd23c192b47870,
    type: 3}
  m_PrefabInstance: {fileID: 7893569174373192601}
  m_PrefabAsset: {fileID: 0}
--- !u!4 &7893569174373058703 stripped
Transform:
  m_CorrespondingSourceObject: {fileID: 400150, guid: aa5b460e6ecf054499bd23c192b47870,
    type: 3}
  m_PrefabInstance: {fileID: 7893569174373192601}
  m_PrefabAsset: {fileID: 0}
--- !u!4 &7893569174373058767 stripped
Transform:
  m_CorrespondingSourceObject: {fileID: 400214, guid: aa5b460e6ecf054499bd23c192b47870,
    type: 3}
  m_PrefabInstance: {fileID: 7893569174373192601}
  m_PrefabAsset: {fileID: 0}
--- !u!4 &7893569174373058771 stripped
Transform:
  m_CorrespondingSourceObject: {fileID: 400202, guid: aa5b460e6ecf054499bd23c192b47870,
    type: 3}
  m_PrefabInstance: {fileID: 7893569174373192601}
  m_PrefabAsset: {fileID: 0}
