%YAML 1.1
%TAG !u! tag:unity3d.com,2011:
--- !u!1 &1287067402436736562
GameObject:
  m_ObjectHideFlags: 0
  m_CorrespondingSourceObject: {fileID: 0}
  m_PrefabInstance: {fileID: 0}
  m_PrefabAsset: {fileID: 0}
  serializedVersion: 6
  m_Component:
  - component: {fileID: 5415116718846874371}
  - component: {fileID: 7614363422189179985}
  - component: {fileID: 7156322128304629741}
  - component: {fileID: 7492820457902697203}
  m_Layer: 0
  m_Name: Frente1
  m_TagString: Untagged
  m_Icon: {fileID: 0}
  m_NavMeshLayer: 0
  m_StaticEditorFlags: 0
  m_IsActive: 1
--- !u!4 &5415116718846874371
Transform:
  m_ObjectHideFlags: 0
  m_CorrespondingSourceObject: {fileID: 0}
  m_PrefabInstance: {fileID: 0}
  m_PrefabAsset: {fileID: 0}
  m_GameObject: {fileID: 1287067402436736562}
  m_LocalRotation: {x: -0, y: -0, z: -0, w: 1}
  m_LocalPosition: {x: 2.925125, y: 0, z: 0}
  m_LocalScale: {x: 0.03193551, y: 0.383226, z: 0.319355}
  m_Children:
  - {fileID: 1330510144886655614}
  m_Father: {fileID: 7113920967041464820}
  m_RootOrder: 1
  m_LocalEulerAnglesHint: {x: 0, y: 0, z: 0}
--- !u!33 &7614363422189179985
MeshFilter:
  m_ObjectHideFlags: 0
  m_CorrespondingSourceObject: {fileID: 0}
  m_PrefabInstance: {fileID: 0}
  m_PrefabAsset: {fileID: 0}
  m_GameObject: {fileID: 1287067402436736562}
  m_Mesh: {fileID: 10202, guid: 0000000000000000e000000000000000, type: 0}
--- !u!23 &7156322128304629741
MeshRenderer:
  m_ObjectHideFlags: 0
  m_CorrespondingSourceObject: {fileID: 0}
  m_PrefabInstance: {fileID: 0}
  m_PrefabAsset: {fileID: 0}
  m_GameObject: {fileID: 1287067402436736562}
  m_Enabled: 0
  m_CastShadows: 1
  m_ReceiveShadows: 1
  m_DynamicOccludee: 1
  m_MotionVectors: 1
  m_LightProbeUsage: 1
  m_ReflectionProbeUsage: 1
  m_RayTracingMode: 2
  m_RenderingLayerMask: 1
  m_RendererPriority: 0
  m_Materials:
  - {fileID: 10303, guid: 0000000000000000f000000000000000, type: 0}
  m_StaticBatchInfo:
    firstSubMesh: 0
    subMeshCount: 0
  m_StaticBatchRoot: {fileID: 0}
  m_ProbeAnchor: {fileID: 0}
  m_LightProbeVolumeOverride: {fileID: 0}
  m_ScaleInLightmap: 1
  m_ReceiveGI: 1
  m_PreserveUVs: 0
  m_IgnoreNormalsForChartDetection: 0
  m_ImportantGI: 0
  m_StitchLightmapSeams: 1
  m_SelectedEditorRenderState: 3
  m_MinimumChartSize: 4
  m_AutoUVMaxDistance: 0.5
  m_AutoUVMaxAngle: 89
  m_LightmapParameters: {fileID: 0}
  m_SortingLayerID: 0
  m_SortingLayer: 0
  m_SortingOrder: 0
--- !u!65 &7492820457902697203
BoxCollider:
  m_ObjectHideFlags: 0
  m_CorrespondingSourceObject: {fileID: 0}
  m_PrefabInstance: {fileID: 0}
  m_PrefabAsset: {fileID: 0}
  m_GameObject: {fileID: 1287067402436736562}
  m_Material: {fileID: 0}
  m_IsTrigger: 1
  m_Enabled: 1
  serializedVersion: 2
  m_Size: {x: 1, y: 1.55842, z: 1.5753069}
  m_Center: {x: 4.794372e-16, y: 0.0007493624, z: -0.0053664804}
--- !u!95 &2182108624859596304
Animator:
  serializedVersion: 3
  m_ObjectHideFlags: 0
  m_CorrespondingSourceObject: {fileID: 0}
  m_PrefabInstance: {fileID: 0}
  m_PrefabAsset: {fileID: 0}
  m_GameObject: {fileID: 1818674979025555652}
  m_Enabled: 1
  m_Avatar: {fileID: 0}
  m_Controller: {fileID: 9100000, guid: f1ac491f730e89643b67cd90086cd873, type: 2}
  m_CullingMode: 0
  m_UpdateMode: 0
  m_ApplyRootMotion: 1
  m_LinearVelocityBlending: 0
  m_WarningMessage: 
  m_HasTransformHierarchy: 1
  m_AllowConstantClipSamplingOptimization: 1
  m_KeepAnimatorControllerStateOnDisable: 0
--- !u!1 &7113920966382913661
GameObject:
  m_ObjectHideFlags: 0
  m_CorrespondingSourceObject: {fileID: 0}
  m_PrefabInstance: {fileID: 0}
  m_PrefabAsset: {fileID: 0}
  serializedVersion: 6
  m_Component:
  - component: {fileID: 7113920966382913660}
  - component: {fileID: 7113920966382913657}
  - component: {fileID: 7113920966382913662}
  - component: {fileID: 7113920966382913663}
  m_Layer: 0
  m_Name: Frente
  m_TagString: Untagged
  m_Icon: {fileID: 0}
  m_NavMeshLayer: 0
  m_StaticEditorFlags: 0
  m_IsActive: 1
--- !u!4 &7113920966382913660
Transform:
  m_ObjectHideFlags: 0
  m_CorrespondingSourceObject: {fileID: 0}
  m_PrefabInstance: {fileID: 0}
  m_PrefabAsset: {fileID: 0}
  m_GameObject: {fileID: 7113920966382913661}
  m_LocalRotation: {x: -0, y: 0.7071068, z: -0, w: 0.7071068}
  m_LocalPosition: {x: 0, y: 0, z: 2.936582}
  m_LocalScale: {x: 0.031935513, y: 0.38322604, z: 0.319355}
  m_Children:
  - {fileID: 7292172292788368556}
  m_Father: {fileID: 7113920967041464820}
  m_RootOrder: 0
  m_LocalEulerAnglesHint: {x: 0, y: 90, z: 0}
--- !u!33 &7113920966382913657
MeshFilter:
  m_ObjectHideFlags: 0
  m_CorrespondingSourceObject: {fileID: 0}
  m_PrefabInstance: {fileID: 0}
  m_PrefabAsset: {fileID: 0}
  m_GameObject: {fileID: 7113920966382913661}
  m_Mesh: {fileID: 10202, guid: 0000000000000000e000000000000000, type: 0}
--- !u!23 &7113920966382913662
MeshRenderer:
  m_ObjectHideFlags: 0
  m_CorrespondingSourceObject: {fileID: 0}
  m_PrefabInstance: {fileID: 0}
  m_PrefabAsset: {fileID: 0}
  m_GameObject: {fileID: 7113920966382913661}
  m_Enabled: 0
  m_CastShadows: 1
  m_ReceiveShadows: 1
  m_DynamicOccludee: 1
  m_MotionVectors: 1
  m_LightProbeUsage: 1
  m_ReflectionProbeUsage: 1
  m_RayTracingMode: 2
  m_RenderingLayerMask: 1
  m_RendererPriority: 0
  m_Materials:
  - {fileID: 10303, guid: 0000000000000000f000000000000000, type: 0}
  m_StaticBatchInfo:
    firstSubMesh: 0
    subMeshCount: 0
  m_StaticBatchRoot: {fileID: 0}
  m_ProbeAnchor: {fileID: 0}
  m_LightProbeVolumeOverride: {fileID: 0}
  m_ScaleInLightmap: 1
  m_ReceiveGI: 1
  m_PreserveUVs: 0
  m_IgnoreNormalsForChartDetection: 0
  m_ImportantGI: 0
  m_StitchLightmapSeams: 1
  m_SelectedEditorRenderState: 3
  m_MinimumChartSize: 4
  m_AutoUVMaxDistance: 0.5
  m_AutoUVMaxAngle: 89
  m_LightmapParameters: {fileID: 0}
  m_SortingLayerID: 0
  m_SortingLayer: 0
  m_SortingOrder: 0
--- !u!65 &7113920966382913663
BoxCollider:
  m_ObjectHideFlags: 0
  m_CorrespondingSourceObject: {fileID: 0}
  m_PrefabInstance: {fileID: 0}
  m_PrefabAsset: {fileID: 0}
  m_GameObject: {fileID: 7113920966382913661}
  m_Material: {fileID: 0}
  m_IsTrigger: 1
  m_Enabled: 1
  serializedVersion: 2
  m_Size: {x: 1, y: 1.55842, z: 1.5753069}
  m_Center: {x: 4.794372e-16, y: 0.0007493624, z: -0.0053664804}
--- !u!1 &7113920967041464821
GameObject:
  m_ObjectHideFlags: 0
  m_CorrespondingSourceObject: {fileID: 0}
  m_PrefabInstance: {fileID: 0}
  m_PrefabAsset: {fileID: 0}
  serializedVersion: 6
  m_Component:
  - component: {fileID: 7113920967041464820}
  m_Layer: 0
  m_Name: F3D1A6_MirarFrente
  m_TagString: Untagged
  m_Icon: {fileID: 0}
  m_NavMeshLayer: 0
  m_StaticEditorFlags: 0
  m_IsActive: 1
--- !u!4 &7113920967041464820
Transform:
  m_ObjectHideFlags: 0
  m_CorrespondingSourceObject: {fileID: 0}
  m_PrefabInstance: {fileID: 0}
  m_PrefabAsset: {fileID: 0}
  m_GameObject: {fileID: 7113920967041464821}
  m_LocalRotation: {x: 0, y: 0, z: 0, w: 1}
  m_LocalPosition: {x: 17.6, y: 1.333, z: -8.35}
  m_LocalScale: {x: 1, y: 1, z: 1}
  m_Children:
  - {fileID: 7113920966382913660}
  - {fileID: 5415116718846874371}
  - {fileID: 7113920967763241976}
  - {fileID: 7113920967343480602}
  m_Father: {fileID: 0}
  m_RootOrder: 0
  m_LocalEulerAnglesHint: {x: 0, y: 0, z: 0}
--- !u!1 &7113920967343480603
GameObject:
  m_ObjectHideFlags: 0
  m_CorrespondingSourceObject: {fileID: 0}
  m_PrefabInstance: {fileID: 0}
  m_PrefabAsset: {fileID: 0}
  serializedVersion: 6
  m_Component:
  - component: {fileID: 7113920967343480602}
  - component: {fileID: 7113920967343480583}
  - component: {fileID: 7113920967343480580}
  - component: {fileID: 7113920967343480581}
  m_Layer: 0
  m_Name: Frente1
  m_TagString: Untagged
  m_Icon: {fileID: 0}
  m_NavMeshLayer: 0
  m_StaticEditorFlags: 0
  m_IsActive: 1
--- !u!4 &7113920967343480602
Transform:
  m_ObjectHideFlags: 0
  m_CorrespondingSourceObject: {fileID: 0}
  m_PrefabInstance: {fileID: 0}
  m_PrefabAsset: {fileID: 0}
  m_GameObject: {fileID: 7113920967343480603}
  m_LocalRotation: {x: -0, y: -0, z: -0, w: 1}
  m_LocalPosition: {x: -2.9251251, y: 0, z: 0}
  m_LocalScale: {x: 0.03193551, y: 0.383226, z: 0.319355}
  m_Children:
  - {fileID: 7292172293300157398}
  m_Father: {fileID: 7113920967041464820}
  m_RootOrder: 3
  m_LocalEulerAnglesHint: {x: 0, y: 0, z: 0}
--- !u!33 &7113920967343480583
MeshFilter:
  m_ObjectHideFlags: 0
  m_CorrespondingSourceObject: {fileID: 0}
  m_PrefabInstance: {fileID: 0}
  m_PrefabAsset: {fileID: 0}
  m_GameObject: {fileID: 7113920967343480603}
  m_Mesh: {fileID: 10202, guid: 0000000000000000e000000000000000, type: 0}
--- !u!23 &7113920967343480580
MeshRenderer:
  m_ObjectHideFlags: 0
  m_CorrespondingSourceObject: {fileID: 0}
  m_PrefabInstance: {fileID: 0}
  m_PrefabAsset: {fileID: 0}
  m_GameObject: {fileID: 7113920967343480603}
  m_Enabled: 0
  m_CastShadows: 1
  m_ReceiveShadows: 1
  m_DynamicOccludee: 1
  m_MotionVectors: 1
  m_LightProbeUsage: 1
  m_ReflectionProbeUsage: 1
  m_RayTracingMode: 2
  m_RenderingLayerMask: 1
  m_RendererPriority: 0
  m_Materials:
  - {fileID: 10303, guid: 0000000000000000f000000000000000, type: 0}
  m_StaticBatchInfo:
    firstSubMesh: 0
    subMeshCount: 0
  m_StaticBatchRoot: {fileID: 0}
  m_ProbeAnchor: {fileID: 0}
  m_LightProbeVolumeOverride: {fileID: 0}
  m_ScaleInLightmap: 1
  m_ReceiveGI: 1
  m_PreserveUVs: 0
  m_IgnoreNormalsForChartDetection: 0
  m_ImportantGI: 0
  m_StitchLightmapSeams: 1
  m_SelectedEditorRenderState: 3
  m_MinimumChartSize: 4
  m_AutoUVMaxDistance: 0.5
  m_AutoUVMaxAngle: 89
  m_LightmapParameters: {fileID: 0}
  m_SortingLayerID: 0
  m_SortingLayer: 0
  m_SortingOrder: 0
--- !u!65 &7113920967343480581
BoxCollider:
  m_ObjectHideFlags: 0
  m_CorrespondingSourceObject: {fileID: 0}
  m_PrefabInstance: {fileID: 0}
  m_PrefabAsset: {fileID: 0}
  m_GameObject: {fileID: 7113920967343480603}
  m_Material: {fileID: 0}
  m_IsTrigger: 1
  m_Enabled: 1
  serializedVersion: 2
  m_Size: {x: 1, y: 1.55842, z: 1.5753069}
  m_Center: {x: 4.794372e-16, y: 0.0007493624, z: -0.0053664804}
--- !u!1 &7113920967763241977
GameObject:
  m_ObjectHideFlags: 0
  m_CorrespondingSourceObject: {fileID: 0}
  m_PrefabInstance: {fileID: 0}
  m_PrefabAsset: {fileID: 0}
  serializedVersion: 6
  m_Component:
  - component: {fileID: 7113920967763241976}
  - component: {fileID: 7113920967763241957}
  - component: {fileID: 7113920967763241978}
  - component: {fileID: 7113920967763241979}
  m_Layer: 0
  m_Name: Frente
  m_TagString: Untagged
  m_Icon: {fileID: 0}
  m_NavMeshLayer: 0
  m_StaticEditorFlags: 0
  m_IsActive: 1
--- !u!4 &7113920967763241976
Transform:
  m_ObjectHideFlags: 0
  m_CorrespondingSourceObject: {fileID: 0}
  m_PrefabInstance: {fileID: 0}
  m_PrefabAsset: {fileID: 0}
  m_GameObject: {fileID: 7113920967763241977}
  m_LocalRotation: {x: -0, y: 0.7071068, z: -0, w: 0.7071068}
  m_LocalPosition: {x: 0, y: 0, z: -2.9365816}
  m_LocalScale: {x: 0.03193551, y: 0.383226, z: 0.319355}
  m_Children:
  - {fileID: 7292172294538707296}
  m_Father: {fileID: 7113920967041464820}
  m_RootOrder: 2
  m_LocalEulerAnglesHint: {x: 0, y: 90, z: 0}
--- !u!33 &7113920967763241957
MeshFilter:
  m_ObjectHideFlags: 0
  m_CorrespondingSourceObject: {fileID: 0}
  m_PrefabInstance: {fileID: 0}
  m_PrefabAsset: {fileID: 0}
  m_GameObject: {fileID: 7113920967763241977}
  m_Mesh: {fileID: 10202, guid: 0000000000000000e000000000000000, type: 0}
--- !u!23 &7113920967763241978
MeshRenderer:
  m_ObjectHideFlags: 0
  m_CorrespondingSourceObject: {fileID: 0}
  m_PrefabInstance: {fileID: 0}
  m_PrefabAsset: {fileID: 0}
  m_GameObject: {fileID: 7113920967763241977}
  m_Enabled: 0
  m_CastShadows: 1
  m_ReceiveShadows: 1
  m_DynamicOccludee: 1
  m_MotionVectors: 1
  m_LightProbeUsage: 1
  m_ReflectionProbeUsage: 1
  m_RayTracingMode: 2
  m_RenderingLayerMask: 1
  m_RendererPriority: 0
  m_Materials:
  - {fileID: 10303, guid: 0000000000000000f000000000000000, type: 0}
  m_StaticBatchInfo:
    firstSubMesh: 0
    subMeshCount: 0
  m_StaticBatchRoot: {fileID: 0}
  m_ProbeAnchor: {fileID: 0}
  m_LightProbeVolumeOverride: {fileID: 0}
  m_ScaleInLightmap: 1
  m_ReceiveGI: 1
  m_PreserveUVs: 0
  m_IgnoreNormalsForChartDetection: 0
  m_ImportantGI: 0
  m_StitchLightmapSeams: 1
  m_SelectedEditorRenderState: 3
  m_MinimumChartSize: 4
  m_AutoUVMaxDistance: 0.5
  m_AutoUVMaxAngle: 89
  m_LightmapParameters: {fileID: 0}
  m_SortingLayerID: 0
  m_SortingLayer: 0
  m_SortingOrder: 0
--- !u!65 &7113920967763241979
BoxCollider:
  m_ObjectHideFlags: 0
  m_CorrespondingSourceObject: {fileID: 0}
  m_PrefabInstance: {fileID: 0}
  m_PrefabAsset: {fileID: 0}
  m_GameObject: {fileID: 7113920967763241977}
  m_Material: {fileID: 0}
  m_IsTrigger: 1
  m_Enabled: 1
  serializedVersion: 2
  m_Size: {x: 1, y: 1.55842, z: 1.5753069}
  m_Center: {x: 4.794372e-16, y: 0.0007493624, z: -0.0053664804}
--- !u!95 &72445735
Animator:
  serializedVersion: 3
  m_ObjectHideFlags: 0
  m_CorrespondingSourceObject: {fileID: 0}
  m_PrefabInstance: {fileID: 0}
  m_PrefabAsset: {fileID: 0}
  m_GameObject: {fileID: 7960341847420235286}
  m_Enabled: 1
  m_Avatar: {fileID: 0}
  m_Controller: {fileID: 9100000, guid: f1ac491f730e89643b67cd90086cd873, type: 2}
  m_CullingMode: 0
  m_UpdateMode: 0
  m_ApplyRootMotion: 1
  m_LinearVelocityBlending: 0
  m_WarningMessage: 
  m_HasTransformHierarchy: 1
  m_AllowConstantClipSamplingOptimization: 1
  m_KeepAnimatorControllerStateOnDisable: 0
--- !u!95 &1212838446
Animator:
  serializedVersion: 3
  m_ObjectHideFlags: 0
  m_CorrespondingSourceObject: {fileID: 0}
  m_PrefabInstance: {fileID: 0}
  m_PrefabAsset: {fileID: 0}
  m_GameObject: {fileID: 7960341848150090092}
  m_Enabled: 1
  m_Avatar: {fileID: 0}
  m_Controller: {fileID: 9100000, guid: f1ac491f730e89643b67cd90086cd873, type: 2}
  m_CullingMode: 0
  m_UpdateMode: 0
  m_ApplyRootMotion: 1
  m_LinearVelocityBlending: 0
  m_WarningMessage: 
  m_HasTransformHierarchy: 1
  m_AllowConstantClipSamplingOptimization: 1
  m_KeepAnimatorControllerStateOnDisable: 0
--- !u!95 &267553464
Animator:
  serializedVersion: 3
  m_ObjectHideFlags: 0
  m_CorrespondingSourceObject: {fileID: 0}
  m_PrefabInstance: {fileID: 0}
  m_PrefabAsset: {fileID: 0}
  m_GameObject: {fileID: 7960341848900017114}
  m_Enabled: 1
  m_Avatar: {fileID: 0}
  m_Controller: {fileID: 9100000, guid: f1ac491f730e89643b67cd90086cd873, type: 2}
  m_CullingMode: 0
  m_UpdateMode: 0
  m_ApplyRootMotion: 1
  m_LinearVelocityBlending: 0
  m_WarningMessage: 
  m_HasTransformHierarchy: 1
  m_AllowConstantClipSamplingOptimization: 1
  m_KeepAnimatorControllerStateOnDisable: 0
--- !u!1001 &1584231947670433173
PrefabInstance:
  m_ObjectHideFlags: 0
  serializedVersion: 2
  m_Modification:
    m_TransformParent: {fileID: 5415116718846874371}
    m_Modifications:
    - target: {fileID: -8679921383154817045, guid: 86625f15c06794c4bbed75f31efdcf51,
        type: 3}
      propertyPath: m_RootOrder
      value: 0
      objectReference: {fileID: 0}
    - target: {fileID: -8679921383154817045, guid: 86625f15c06794c4bbed75f31efdcf51,
        type: 3}
      propertyPath: m_LocalScale.x
      value: 1125.8403
      objectReference: {fileID: 0}
    - target: {fileID: -8679921383154817045, guid: 86625f15c06794c4bbed75f31efdcf51,
        type: 3}
      propertyPath: m_LocalScale.y
      value: 112.58403
      objectReference: {fileID: 0}
    - target: {fileID: -8679921383154817045, guid: 86625f15c06794c4bbed75f31efdcf51,
        type: 3}
      propertyPath: m_LocalScale.z
      value: 93.82004
      objectReference: {fileID: 0}
    - target: {fileID: -8679921383154817045, guid: 86625f15c06794c4bbed75f31efdcf51,
        type: 3}
      propertyPath: m_LocalPosition.x
      value: 0
      objectReference: {fileID: 0}
    - target: {fileID: -8679921383154817045, guid: 86625f15c06794c4bbed75f31efdcf51,
        type: 3}
      propertyPath: m_LocalPosition.y
      value: 1.296233
      objectReference: {fileID: 0}
    - target: {fileID: -8679921383154817045, guid: 86625f15c06794c4bbed75f31efdcf51,
        type: 3}
      propertyPath: m_LocalPosition.z
      value: 0
      objectReference: {fileID: 0}
    - target: {fileID: -8679921383154817045, guid: 86625f15c06794c4bbed75f31efdcf51,
        type: 3}
      propertyPath: m_LocalRotation.w
      value: 0.7071068
      objectReference: {fileID: 0}
    - target: {fileID: -8679921383154817045, guid: 86625f15c06794c4bbed75f31efdcf51,
        type: 3}
      propertyPath: m_LocalRotation.x
      value: -0.7071068
      objectReference: {fileID: 0}
    - target: {fileID: -8679921383154817045, guid: 86625f15c06794c4bbed75f31efdcf51,
        type: 3}
      propertyPath: m_LocalRotation.y
      value: 0
      objectReference: {fileID: 0}
    - target: {fileID: -8679921383154817045, guid: 86625f15c06794c4bbed75f31efdcf51,
        type: 3}
      propertyPath: m_LocalRotation.z
      value: 0
      objectReference: {fileID: 0}
    - target: {fileID: -8679921383154817045, guid: 86625f15c06794c4bbed75f31efdcf51,
        type: 3}
      propertyPath: m_LocalEulerAnglesHint.x
      value: -90
      objectReference: {fileID: 0}
    - target: {fileID: -8679921383154817045, guid: 86625f15c06794c4bbed75f31efdcf51,
        type: 3}
      propertyPath: m_LocalEulerAnglesHint.y
      value: 0
      objectReference: {fileID: 0}
    - target: {fileID: -8679921383154817045, guid: 86625f15c06794c4bbed75f31efdcf51,
        type: 3}
      propertyPath: m_LocalEulerAnglesHint.z
      value: 0
      objectReference: {fileID: 0}
    - target: {fileID: 919132149155446097, guid: 86625f15c06794c4bbed75f31efdcf51,
        type: 3}
      propertyPath: m_Name
      value: disco_ball (1)
      objectReference: {fileID: 0}
    m_RemovedComponents: []
  m_SourcePrefab: {fileID: 100100000, guid: 86625f15c06794c4bbed75f31efdcf51, type: 3}
--- !u!4 &1330510144886655614 stripped
Transform:
  m_CorrespondingSourceObject: {fileID: -8679921383154817045, guid: 86625f15c06794c4bbed75f31efdcf51,
    type: 3}
  m_PrefabInstance: {fileID: 1584231947670433173}
  m_PrefabAsset: {fileID: 0}
--- !u!1 &1818674979025555652 stripped
GameObject:
  m_CorrespondingSourceObject: {fileID: 919132149155446097, guid: 86625f15c06794c4bbed75f31efdcf51,
    type: 3}
  m_PrefabInstance: {fileID: 1584231947670433173}
  m_PrefabAsset: {fileID: 0}
--- !u!1001 &7113920966464480907
PrefabInstance:
  m_ObjectHideFlags: 0
  serializedVersion: 2
  m_Modification:
    m_TransformParent: {fileID: 7113920967763241976}
    m_Modifications:
    - target: {fileID: -8679921383154817045, guid: 86625f15c06794c4bbed75f31efdcf51,
        type: 3}
      propertyPath: m_RootOrder
      value: 0
      objectReference: {fileID: 0}
    - target: {fileID: -8679921383154817045, guid: 86625f15c06794c4bbed75f31efdcf51,
        type: 3}
      propertyPath: m_LocalScale.x
      value: 112.58402
      objectReference: {fileID: 0}
    - target: {fileID: -8679921383154817045, guid: 86625f15c06794c4bbed75f31efdcf51,
        type: 3}
      propertyPath: m_LocalScale.y
      value: 1125.8396
      objectReference: {fileID: 0}
    - target: {fileID: -8679921383154817045, guid: 86625f15c06794c4bbed75f31efdcf51,
        type: 3}
      propertyPath: m_LocalScale.z
      value: 93.82003
      objectReference: {fileID: 0}
    - target: {fileID: -8679921383154817045, guid: 86625f15c06794c4bbed75f31efdcf51,
        type: 3}
      propertyPath: m_LocalPosition.x
      value: 0
      objectReference: {fileID: 0}
    - target: {fileID: -8679921383154817045, guid: 86625f15c06794c4bbed75f31efdcf51,
        type: 3}
      propertyPath: m_LocalPosition.y
      value: 1.296233
      objectReference: {fileID: 0}
    - target: {fileID: -8679921383154817045, guid: 86625f15c06794c4bbed75f31efdcf51,
        type: 3}
      propertyPath: m_LocalPosition.z
      value: 0
      objectReference: {fileID: 0}
    - target: {fileID: -8679921383154817045, guid: 86625f15c06794c4bbed75f31efdcf51,
        type: 3}
      propertyPath: m_LocalRotation.w
      value: 0.49999997
      objectReference: {fileID: 0}
    - target: {fileID: -8679921383154817045, guid: 86625f15c06794c4bbed75f31efdcf51,
        type: 3}
      propertyPath: m_LocalRotation.x
      value: -0.50000006
      objectReference: {fileID: 0}
    - target: {fileID: -8679921383154817045, guid: 86625f15c06794c4bbed75f31efdcf51,
        type: 3}
      propertyPath: m_LocalRotation.y
      value: -0.49999997
      objectReference: {fileID: 0}
    - target: {fileID: -8679921383154817045, guid: 86625f15c06794c4bbed75f31efdcf51,
        type: 3}
      propertyPath: m_LocalRotation.z
      value: -0.50000006
      objectReference: {fileID: 0}
    - target: {fileID: -8679921383154817045, guid: 86625f15c06794c4bbed75f31efdcf51,
        type: 3}
      propertyPath: m_LocalEulerAnglesHint.x
      value: 0
      objectReference: {fileID: 0}
    - target: {fileID: -8679921383154817045, guid: 86625f15c06794c4bbed75f31efdcf51,
        type: 3}
      propertyPath: m_LocalEulerAnglesHint.y
      value: 0
      objectReference: {fileID: 0}
    - target: {fileID: -8679921383154817045, guid: 86625f15c06794c4bbed75f31efdcf51,
        type: 3}
      propertyPath: m_LocalEulerAnglesHint.z
      value: 0
      objectReference: {fileID: 0}
    - target: {fileID: 919132149155446097, guid: 86625f15c06794c4bbed75f31efdcf51,
        type: 3}
      propertyPath: m_Name
      value: disco_ball (2)
      objectReference: {fileID: 0}
    m_RemovedComponents: []
  m_SourcePrefab: {fileID: 100100000, guid: 86625f15c06794c4bbed75f31efdcf51, type: 3}
--- !u!1 &7960341848900017114 stripped
GameObject:
  m_CorrespondingSourceObject: {fileID: 919132149155446097, guid: 86625f15c06794c4bbed75f31efdcf51,
    type: 3}
  m_PrefabInstance: {fileID: 7113920966464480907}
  m_PrefabAsset: {fileID: 0}
--- !u!4 &7292172294538707296 stripped
Transform:
  m_CorrespondingSourceObject: {fileID: -8679921383154817045, guid: 86625f15c06794c4bbed75f31efdcf51,
    type: 3}
  m_PrefabInstance: {fileID: 7113920966464480907}
  m_PrefabAsset: {fileID: 0}
--- !u!1001 &7113920967728208957
PrefabInstance:
  m_ObjectHideFlags: 0
  serializedVersion: 2
  m_Modification:
    m_TransformParent: {fileID: 7113920967343480602}
    m_Modifications:
    - target: {fileID: -8679921383154817045, guid: 86625f15c06794c4bbed75f31efdcf51,
        type: 3}
      propertyPath: m_RootOrder
      value: 0
      objectReference: {fileID: 0}
    - target: {fileID: -8679921383154817045, guid: 86625f15c06794c4bbed75f31efdcf51,
        type: 3}
      propertyPath: m_LocalScale.x
      value: 1125.8403
      objectReference: {fileID: 0}
    - target: {fileID: -8679921383154817045, guid: 86625f15c06794c4bbed75f31efdcf51,
        type: 3}
      propertyPath: m_LocalScale.y
      value: 112.58403
      objectReference: {fileID: 0}
    - target: {fileID: -8679921383154817045, guid: 86625f15c06794c4bbed75f31efdcf51,
        type: 3}
      propertyPath: m_LocalScale.z
      value: 93.82004
      objectReference: {fileID: 0}
    - target: {fileID: -8679921383154817045, guid: 86625f15c06794c4bbed75f31efdcf51,
        type: 3}
      propertyPath: m_LocalPosition.x
      value: 0
      objectReference: {fileID: 0}
    - target: {fileID: -8679921383154817045, guid: 86625f15c06794c4bbed75f31efdcf51,
        type: 3}
      propertyPath: m_LocalPosition.y
      value: 1.296233
      objectReference: {fileID: 0}
    - target: {fileID: -8679921383154817045, guid: 86625f15c06794c4bbed75f31efdcf51,
        type: 3}
      propertyPath: m_LocalPosition.z
      value: 0
      objectReference: {fileID: 0}
    - target: {fileID: -8679921383154817045, guid: 86625f15c06794c4bbed75f31efdcf51,
        type: 3}
      propertyPath: m_LocalRotation.w
      value: 0.7071068
      objectReference: {fileID: 0}
    - target: {fileID: -8679921383154817045, guid: 86625f15c06794c4bbed75f31efdcf51,
        type: 3}
      propertyPath: m_LocalRotation.x
      value: -0.7071068
      objectReference: {fileID: 0}
    - target: {fileID: -8679921383154817045, guid: 86625f15c06794c4bbed75f31efdcf51,
        type: 3}
      propertyPath: m_LocalRotation.y
      value: 0
      objectReference: {fileID: 0}
    - target: {fileID: -8679921383154817045, guid: 86625f15c06794c4bbed75f31efdcf51,
        type: 3}
      propertyPath: m_LocalRotation.z
      value: 0
      objectReference: {fileID: 0}
    - target: {fileID: -8679921383154817045, guid: 86625f15c06794c4bbed75f31efdcf51,
        type: 3}
      propertyPath: m_LocalEulerAnglesHint.x
      value: -90
      objectReference: {fileID: 0}
    - target: {fileID: -8679921383154817045, guid: 86625f15c06794c4bbed75f31efdcf51,
        type: 3}
      propertyPath: m_LocalEulerAnglesHint.y
      value: 0
      objectReference: {fileID: 0}
    - target: {fileID: -8679921383154817045, guid: 86625f15c06794c4bbed75f31efdcf51,
        type: 3}
      propertyPath: m_LocalEulerAnglesHint.z
      value: 0
      objectReference: {fileID: 0}
    - target: {fileID: 919132149155446097, guid: 86625f15c06794c4bbed75f31efdcf51,
        type: 3}
      propertyPath: m_Name
      value: disco_ball (1)
      objectReference: {fileID: 0}
    m_RemovedComponents: []
  m_SourcePrefab: {fileID: 100100000, guid: 86625f15c06794c4bbed75f31efdcf51, type: 3}
--- !u!1 &7960341848150090092 stripped
GameObject:
  m_CorrespondingSourceObject: {fileID: 919132149155446097, guid: 86625f15c06794c4bbed75f31efdcf51,
    type: 3}
  m_PrefabInstance: {fileID: 7113920967728208957}
  m_PrefabAsset: {fileID: 0}
--- !u!4 &7292172293300157398 stripped
Transform:
  m_CorrespondingSourceObject: {fileID: -8679921383154817045, guid: 86625f15c06794c4bbed75f31efdcf51,
    type: 3}
  m_PrefabInstance: {fileID: 7113920967728208957}
  m_PrefabAsset: {fileID: 0}
--- !u!1001 &7113920968206439239
PrefabInstance:
  m_ObjectHideFlags: 0
  serializedVersion: 2
  m_Modification:
    m_TransformParent: {fileID: 7113920966382913660}
    m_Modifications:
    - target: {fileID: -8679921383154817045, guid: 86625f15c06794c4bbed75f31efdcf51,
        type: 3}
      propertyPath: m_RootOrder
      value: 0
      objectReference: {fileID: 0}
    - target: {fileID: -8679921383154817045, guid: 86625f15c06794c4bbed75f31efdcf51,
        type: 3}
      propertyPath: m_LocalScale.x
      value: 112.584
      objectReference: {fileID: 0}
    - target: {fileID: -8679921383154817045, guid: 86625f15c06794c4bbed75f31efdcf51,
        type: 3}
      propertyPath: m_LocalScale.y
      value: 1125.84
      objectReference: {fileID: 0}
    - target: {fileID: -8679921383154817045, guid: 86625f15c06794c4bbed75f31efdcf51,
        type: 3}
      propertyPath: m_LocalScale.z
      value: 93.82003
      objectReference: {fileID: 0}
    - target: {fileID: -8679921383154817045, guid: 86625f15c06794c4bbed75f31efdcf51,
        type: 3}
      propertyPath: m_LocalPosition.x
      value: 0
      objectReference: {fileID: 0}
    - target: {fileID: -8679921383154817045, guid: 86625f15c06794c4bbed75f31efdcf51,
        type: 3}
      propertyPath: m_LocalPosition.y
      value: 1.296233
      objectReference: {fileID: 0}
    - target: {fileID: -8679921383154817045, guid: 86625f15c06794c4bbed75f31efdcf51,
        type: 3}
      propertyPath: m_LocalPosition.z
      value: 0
      objectReference: {fileID: 0}
    - target: {fileID: -8679921383154817045, guid: 86625f15c06794c4bbed75f31efdcf51,
        type: 3}
      propertyPath: m_LocalRotation.w
      value: 0.5
      objectReference: {fileID: 0}
    - target: {fileID: -8679921383154817045, guid: 86625f15c06794c4bbed75f31efdcf51,
        type: 3}
      propertyPath: m_LocalRotation.x
      value: -0.5
      objectReference: {fileID: 0}
    - target: {fileID: -8679921383154817045, guid: 86625f15c06794c4bbed75f31efdcf51,
        type: 3}
      propertyPath: m_LocalRotation.y
      value: -0.5
      objectReference: {fileID: 0}
    - target: {fileID: -8679921383154817045, guid: 86625f15c06794c4bbed75f31efdcf51,
        type: 3}
      propertyPath: m_LocalRotation.z
      value: -0.5
      objectReference: {fileID: 0}
    - target: {fileID: -8679921383154817045, guid: 86625f15c06794c4bbed75f31efdcf51,
        type: 3}
      propertyPath: m_LocalEulerAnglesHint.x
      value: -90
      objectReference: {fileID: 0}
    - target: {fileID: -8679921383154817045, guid: 86625f15c06794c4bbed75f31efdcf51,
        type: 3}
      propertyPath: m_LocalEulerAnglesHint.y
      value: 0
      objectReference: {fileID: 0}
    - target: {fileID: -8679921383154817045, guid: 86625f15c06794c4bbed75f31efdcf51,
        type: 3}
      propertyPath: m_LocalEulerAnglesHint.z
      value: -90
      objectReference: {fileID: 0}
    - target: {fileID: 919132149155446097, guid: 86625f15c06794c4bbed75f31efdcf51,
        type: 3}
      propertyPath: m_Name
      value: disco_ball (3)
      objectReference: {fileID: 0}
    m_RemovedComponents: []
  m_SourcePrefab: {fileID: 100100000, guid: 86625f15c06794c4bbed75f31efdcf51, type: 3}
--- !u!4 &7292172292788368556 stripped
Transform:
  m_CorrespondingSourceObject: {fileID: -8679921383154817045, guid: 86625f15c06794c4bbed75f31efdcf51,
    type: 3}
  m_PrefabInstance: {fileID: 7113920968206439239}
  m_PrefabAsset: {fileID: 0}
--- !u!1 &7960341847420235286 stripped
GameObject:
  m_CorrespondingSourceObject: {fileID: 919132149155446097, guid: 86625f15c06794c4bbed75f31efdcf51,
    type: 3}
  m_PrefabInstance: {fileID: 7113920968206439239}
  m_PrefabAsset: {fileID: 0}
