%YAML 1.1
%TAG !u! tag:unity3d.com,2011:
--- !u!1 &8413428875892856591
GameObject:
  m_ObjectHideFlags: 0
  m_CorrespondingSourceObject: {fileID: 0}
  m_PrefabInstance: {fileID: 0}
  m_PrefabAsset: {fileID: 0}
  serializedVersion: 6
  m_Component:
  - component: {fileID: 8413428875892856585}
  - component: {fileID: 8413428875892856586}
  - component: {fileID: 8413428875892856587}
  - component: {fileID: 8413428875892856588}
  - component: {fileID: 8413428875892856589}
  - component: {fileID: 1194698504}
  m_Layer: 0
  m_Name: Global_PF_CredencialUsuario
  m_TagString: Untagged
  m_Icon: {fileID: 0}
  m_NavMeshLayer: 0
  m_StaticEditorFlags: 0
  m_IsActive: 1
--- !u!4 &8413428875892856585
Transform:
  m_ObjectHideFlags: 0
  m_CorrespondingSourceObject: {fileID: 0}
  m_PrefabInstance: {fileID: 0}
  m_PrefabAsset: {fileID: 0}
  m_GameObject: {fileID: 8413428875892856591}
  m_LocalRotation: {x: 0, y: 0, z: 0, w: 1}
  m_LocalPosition: {x: -0.229, y: 1.277, z: 0.2029}
  m_LocalScale: {x: 0.17358226, y: 0.20525642, z: 0.036068097}
  m_Children: []
  m_Father: {fileID: 0}
  m_RootOrder: 0
  m_LocalEulerAnglesHint: {x: 0, y: 0, z: 0}
--- !u!33 &8413428875892856586
MeshFilter:
  m_ObjectHideFlags: 0
  m_CorrespondingSourceObject: {fileID: 0}
  m_PrefabInstance: {fileID: 0}
  m_PrefabAsset: {fileID: 0}
  m_GameObject: {fileID: 8413428875892856591}
  m_Mesh: {fileID: 10202, guid: 0000000000000000e000000000000000, type: 0}
--- !u!23 &8413428875892856587
MeshRenderer:
  m_ObjectHideFlags: 0
  m_CorrespondingSourceObject: {fileID: 0}
  m_PrefabInstance: {fileID: 0}
  m_PrefabAsset: {fileID: 0}
  m_GameObject: {fileID: 8413428875892856591}
  m_Enabled: 1
  m_CastShadows: 1
  m_ReceiveShadows: 1
  m_DynamicOccludee: 1
  m_MotionVectors: 1
  m_LightProbeUsage: 1
  m_ReflectionProbeUsage: 1
  m_RayTracingMode: 2
  m_RenderingLayerMask: 1
  m_RendererPriority: 0
  m_Materials:
  - {fileID: 2100000, guid: a53cd01a731bc994290c3335d413beed, type: 2}
  m_StaticBatchInfo:
    firstSubMesh: 0
    subMeshCount: 0
  m_StaticBatchRoot: {fileID: 0}
  m_ProbeAnchor: {fileID: 0}
  m_LightProbeVolumeOverride: {fileID: 0}
  m_ScaleInLightmap: 1
  m_ReceiveGI: 1
  m_PreserveUVs: 0
  m_IgnoreNormalsForChartDetection: 0
  m_ImportantGI: 0
  m_StitchLightmapSeams: 1
  m_SelectedEditorRenderState: 3
  m_MinimumChartSize: 4
  m_AutoUVMaxDistance: 0.5
  m_AutoUVMaxAngle: 89
  m_LightmapParameters: {fileID: 0}
  m_SortingLayerID: 0
  m_SortingLayer: 0
  m_SortingOrder: 0
--- !u!65 &8413428875892856588
BoxCollider:
  m_ObjectHideFlags: 0
  m_CorrespondingSourceObject: {fileID: 0}
  m_PrefabInstance: {fileID: 0}
  m_PrefabAsset: {fileID: 0}
  m_GameObject: {fileID: 8413428875892856591}
  m_Material: {fileID: 0}
  m_IsTrigger: 0
  m_Enabled: 1
  serializedVersion: 2
  m_Size: {x: 1, y: 1, z: 1}
  m_Center: {x: 0, y: 0, z: 0}
--- !u!114 &8413428875892856589
MonoBehaviour:
  m_ObjectHideFlags: 0
  m_CorrespondingSourceObject: {fileID: 0}
  m_PrefabInstance: {fileID: 0}
  m_PrefabAsset: {fileID: 0}
  m_GameObject: {fileID: 8413428875892856591}
  m_Enabled: 1
  m_EditorHideFlags: 0
  m_Script: {fileID: 11500000, guid: a6012e6af2fc1304f9c7b63b7454a90e, type: 3}
  m_Name: 
  m_EditorClassIdentifier: 
--- !u!114 &1194698504
MonoBehaviour:
  m_ObjectHideFlags: 0
  m_CorrespondingSourceObject: {fileID: 0}
  m_PrefabInstance: {fileID: 0}
  m_PrefabAsset: {fileID: 0}
  m_GameObject: {fileID: 8413428875892856591}
  m_Enabled: 1
  m_EditorHideFlags: 0
  m_Script: {fileID: 11500000, guid: be21b9ed4fc52f84ca90dd2103dc5b1a, type: 3}
  m_Name: 
  m_EditorClassIdentifier: 
  protocolo:
  - nombre: Fase1
    puerta: {fileID: 121109403409169876, guid: d93c8e21a6f5d01488027606067335d0, type: 3}
    escenario: {fileID: 2114177522807479564, guid: 414421152cf81c545a08e4f74686af8c,
      type: 3}
    escenario2: {fileID: 2246001277575113723, guid: d756d3aac8627d34ea535dc568a2f412,
      type: 3}
    dias:
    - nombre: Dia1
      actividades:
      - nombreScena: 
        puerta: {fileID: 0}
        habilitada: 0
      - nombreScena: 
        puerta: {fileID: 0}
        habilitada: 0
      - nombreScena: 
        puerta: {fileID: 0}
        habilitada: 0
      - nombreScena: f1d1a4_es_JugarConGato
        puerta: {fileID: 121109403409169876, guid: d93c8e21a6f5d01488027606067335d0,
          type: 3}
        habilitada: 1
      - nombreScena: 
        puerta: {fileID: 0}
        habilitada: 0
      - nombreScena: 
        puerta: {fileID: 0}
        habilitada: 0
      - nombreScena: 
        puerta: {fileID: 0}
        habilitada: 0
      - nombreScena: 
        puerta: {fileID: 0}
        habilitada: 0
    - nombre: Dia2
      actividades:
      - nombreScena: 
        puerta: {fileID: 0}
        habilitada: 0
      - nombreScena: 
        puerta: {fileID: 0}
        habilitada: 0
      - nombreScena: 
        puerta: {fileID: 0}
        habilitada: 0
      - nombreScena: 
        puerta: {fileID: 0}
        habilitada: 0
      - nombreScena: f1d2a5_es_EvitarFruta
        puerta: {fileID: 121109403409169876, guid: d93c8e21a6f5d01488027606067335d0,
          type: 3}
        habilitada: 1
      - nombreScena: 
        puerta: {fileID: 0}
        habilitada: 0
      - nombreScena: 
        puerta: {fileID: 0}
        habilitada: 0
      - nombreScena: 
        puerta: {fileID: 0}
        habilitada: 0
    - nombre: Dia3
      actividades:
      - nombreScena: 
        puerta: {fileID: 0}
        habilitada: 0
      - nombreScena: 
        puerta: {fileID: 0}
        habilitada: 0
      - nombreScena: 
        puerta: {fileID: 0}
        habilitada: 0
      - nombreScena: 
        puerta: {fileID: 0}
        habilitada: 0
      - nombreScena: F1D3A5_Apaga las alarmas
        puerta: {fileID: 121109403409169876, guid: d93c8e21a6f5d01488027606067335d0,
          type: 3}
        habilitada: 1
      - nombreScena: 
        puerta: {fileID: 0}
        habilitada: 0
    - nombre: Dia4
      actividades:
      - nombreScena: f1d4a1_es_cortarFrutosArriba
        puerta: {fileID: 121109403409169876, guid: d93c8e21a6f5d01488027606067335d0,
          type: 3}
        habilitada: 1
      - nombreScena: f1d4a2_es_cortarFrutosAbajo
        puerta: {fileID: 121109403409169876, guid: d93c8e21a6f5d01488027606067335d0,
          type: 3}
        habilitada: 1
      - nombreScena: 
        puerta: {fileID: 0}
        habilitada: 0
      - nombreScena: F1D4A4_Mesita de comida
        puerta: {fileID: 2651551300350049484, guid: 53145f9c6607f8741a04d034f6dcd443,
          type: 3}
        habilitada: 1
      - nombreScena: 
        puerta: {fileID: 0}
        habilitada: 0
      - nombreScena: F1D4A6_CarritosMineros
        puerta: {fileID: 2651551300350049484, guid: 53145f9c6607f8741a04d034f6dcd443,
          type: 3}
        habilitada: 1
      - nombreScena: "f1d4a7_es_jugarPi\xF1ata"
        puerta: {fileID: 121109403409169876, guid: d93c8e21a6f5d01488027606067335d0,
          type: 3}
        habilitada: 1
      - nombreScena: 
        puerta: {fileID: 0}
        habilitada: 0
    - nombre: Dia5
      actividades:
      - nombreScena: f1d5a1_es_recogerManzanas
        puerta: {fileID: 121109403409169876, guid: d93c8e21a6f5d01488027606067335d0,
          type: 3}
        habilitada: 1
      - nombreScena: 
        puerta: {fileID: 0}
        habilitada: 0
      - nombreScena: 
        puerta: {fileID: 0}
        habilitada: 0
      - nombreScena: 
        puerta: {fileID: 0}
        habilitada: 0
      - nombreScena: 
        puerta: {fileID: 0}
        habilitada: 0
      - nombreScena: 
        puerta: {fileID: 0}
        habilitada: 0
      - nombreScena: F1D5A7_Pintando el cuarto
        puerta: {fileID: 121109403409169876, guid: d93c8e21a6f5d01488027606067335d0,
          type: 3}
        habilitada: 1
      - nombreScena: f1d5a8_es_BuscaPar
        puerta: {fileID: 121109403409169876, guid: d93c8e21a6f5d01488027606067335d0,
          type: 3}
        habilitada: 1
    - nombre: Dia6
      actividades:
      - nombreScena: f1d6a1_es_JuntarCarros
        puerta: {fileID: 121109403409169876, guid: d93c8e21a6f5d01488027606067335d0,
          type: 3}
        habilitada: 1
      - nombreScena: f1d6a2_RecogerObjetos
        puerta: {fileID: 121109403409169876, guid: d93c8e21a6f5d01488027606067335d0,
          type: 3}
        habilitada: 1
      - nombreScena: 
        puerta: {fileID: 0}
        habilitada: 0
      - nombreScena: F1D6A4_ApuntarBlanco
        puerta: {fileID: 121109403409169876, guid: d93c8e21a6f5d01488027606067335d0,
          type: 3}
        habilitada: 1
      - nombreScena: F1D6A5_SaltaOveja
        puerta: {fileID: 121109403409169876, guid: d93c8e21a6f5d01488027606067335d0,
          type: 3}
        habilitada: 1
      - nombreScena: 
        puerta: {fileID: 0}
        habilitada: 0
      - nombreScena: 
        puerta: {fileID: 0}
        habilitada: 0
      - nombreScena: 
        puerta: {fileID: 0}
        habilitada: 0
  - nombre: Fase2
    puerta: {fileID: 2183968564076849078, guid: de1272ba17eaee147a99236e446af949,
      type: 3}
    escenario: {fileID: 8284021958182162923, guid: 13f28ac7d66157a46b4a368ff70f6208,
      type: 3}
    escenario2: {fileID: 8646446703463347734, guid: 5c6cf35e7cbe8464992a687ab9432a35,
      type: 3}
    dias:
    - nombre: Dia1
      actividades:
      - nombreScena: 
        puerta: {fileID: 0}
        habilitada: 0
      - nombreScena: 
        puerta: {fileID: 0}
        habilitada: 0
      - nombreScena: 
        puerta: {fileID: 0}
        habilitada: 0
      - nombreScena: 
        puerta: {fileID: 0}
        habilitada: 0
      - nombreScena: 
        puerta: {fileID: 0}
        habilitada: 0
      - nombreScena: F3D1A6_FiestaEnLaPlaya
        puerta: {fileID: 121109403409169876, guid: d93c8e21a6f5d01488027606067335d0,
          type: 3}
        habilitada: 1
      - nombreScena: 
        puerta: {fileID: 0}
        habilitada: 0
    - nombre: Dia2
      actividades:
      - nombreScena: 
        puerta: {fileID: 0}
        habilitada: 0
      - nombreScena: 
        puerta: {fileID: 0}
        habilitada: 0
      - nombreScena: 
        puerta: {fileID: 0}
        habilitada: 0
      - nombreScena: 
        puerta: {fileID: 0}
        habilitada: 0
      - nombreScena: 
        puerta: {fileID: 0}
        habilitada: 0
      - nombreScena: 
        puerta: {fileID: 0}
        habilitada: 0
      - nombreScena: 
        puerta: {fileID: 0}
        habilitada: 0
    - nombre: Dia3
      actividades:
      - nombreScena: 
        puerta: {fileID: 0}
        habilitada: 0
      - nombreScena: 
        puerta: {fileID: 0}
        habilitada: 0
      - nombreScena: 
        puerta: {fileID: 0}
        habilitada: 0
      - nombreScena: 
        puerta: {fileID: 0}
        habilitada: 0
      - nombreScena: 
        puerta: {fileID: 0}
        habilitada: 0
      - nombreScena: 
        puerta: {fileID: 0}
        habilitada: 0
      - nombreScena: 
        puerta: {fileID: 0}
        habilitada: 0
    - nombre: Dia4
      actividades:
      - nombreScena: 
        puerta: {fileID: 0}
        habilitada: 0
      - nombreScena: 
        puerta: {fileID: 0}
        habilitada: 0
      - nombreScena: 
        puerta: {fileID: 0}
        habilitada: 0
      - nombreScena: 
        puerta: {fileID: 0}
        habilitada: 0
      - nombreScena: 
        puerta: {fileID: 0}
        habilitada: 0
      - nombreScena: 
        puerta: {fileID: 0}
        habilitada: 0
      - nombreScena: 
        puerta: {fileID: 0}
        habilitada: 0
    - nombre: Dia5
      actividades:
      - nombreScena: 
        puerta: {fileID: 0}
        habilitada: 0
      - nombreScena: 
        puerta: {fileID: 0}
        habilitada: 0
      - nombreScena: 
        puerta: {fileID: 0}
        habilitada: 0
      - nombreScena: 
        puerta: {fileID: 0}
        habilitada: 0
      - nombreScena: 
        puerta: {fileID: 0}
        habilitada: 0
      - nombreScena: 
        puerta: {fileID: 0}
        habilitada: 0
      - nombreScena: 
        puerta: {fileID: 0}
        habilitada: 0
    - nombre: Dia6
      actividades:
      - nombreScena: 
        puerta: {fileID: 0}
        habilitada: 0
      - nombreScena: 
        puerta: {fileID: 0}
        habilitada: 0
      - nombreScena: 
        puerta: {fileID: 0}
        habilitada: 0
      - nombreScena: 
        puerta: {fileID: 0}
        habilitada: 0
      - nombreScena: 
        puerta: {fileID: 0}
        habilitada: 0
      - nombreScena: 
        puerta: {fileID: 0}
        habilitada: 0
      - nombreScena: 
        puerta: {fileID: 0}
        habilitada: 0
      - nombreScena: 
        puerta: {fileID: 0}
        habilitada: 0
  - nombre: Fase3
    puerta: {fileID: 762684657112636747, guid: fc3d6559bfec08944ba916890139a674, type: 3}
    escenario: {fileID: 780619425648171075, guid: f93f1dfe3fca9674194028fc1d5b367a,
      type: 3}
    escenario2: {fileID: 7515125423612242941, guid: 7da5e1abddb77084ebc71ea95c73262e,
      type: 3}
    dias:
    - nombre: Dia1
      actividades:
      - nombreScena: 
        puerta: {fileID: 0}
        habilitada: 0
      - nombreScena: 
        puerta: {fileID: 0}
        habilitada: 0
      - nombreScena: 
        puerta: {fileID: 0}
        habilitada: 0
      - nombreScena: 
        puerta: {fileID: 0}
        habilitada: 0
      - nombreScena: 
        puerta: {fileID: 0}
        habilitada: 0
      - nombreScena: F3D1A6_FiestaEnLaPlaya
        puerta: {fileID: 762684657112636747, guid: fc3d6559bfec08944ba916890139a674,
          type: 3}
        habilitada: 1
      - nombreScena: 
        puerta: {fileID: 0}
        habilitada: 0
    - nombre: Dia2
      actividades:
      - nombreScena: 
        puerta: {fileID: 0}
        habilitada: 0
      - nombreScena: 
        puerta: {fileID: 0}
        habilitada: 0
      - nombreScena: 
        puerta: {fileID: 0}
        habilitada: 0
      - nombreScena: 
        puerta: {fileID: 0}
        habilitada: 0
      - nombreScena: 
        puerta: {fileID: 0}
        habilitada: 0
      - nombreScena: 
        puerta: {fileID: 0}
        habilitada: 0
      - nombreScena: 
        puerta: {fileID: 0}
        habilitada: 0
    - nombre: Dia3
      actividades:
      - nombreScena: 
        puerta: {fileID: 0}
        habilitada: 0
      - nombreScena: 
        puerta: {fileID: 0}
        habilitada: 0
      - nombreScena: 
        puerta: {fileID: 0}
        habilitada: 0
      - nombreScena: 
        puerta: {fileID: 0}
        habilitada: 0
      - nombreScena: 
        puerta: {fileID: 0}
        habilitada: 0
      - nombreScena: 
        puerta: {fileID: 0}
        habilitada: 0
    - nombre: Dia4
      actividades:
      - nombreScena: 
        puerta: {fileID: 0}
        habilitada: 0
      - nombreScena: 
        puerta: {fileID: 0}
        habilitada: 0
      - nombreScena: 
        puerta: {fileID: 0}
        habilitada: 0
      - nombreScena: 
        puerta: {fileID: 0}
        habilitada: 0
      - nombreScena: 
        puerta: {fileID: 0}
        habilitada: 0
      - nombreScena: 
        puerta: {fileID: 0}
        habilitada: 0
      - nombreScena: 
        puerta: {fileID: 0}
        habilitada: 0
    - nombre: Dia5
      actividades:
      - nombreScena: 
        puerta: {fileID: 0}
        habilitada: 0
      - nombreScena: 
        puerta: {fileID: 0}
        habilitada: 0
      - nombreScena: 
        puerta: {fileID: 0}
        habilitada: 0
      - nombreScena: 
        puerta: {fileID: 0}
        habilitada: 0
      - nombreScena: 
        puerta: {fileID: 0}
        habilitada: 0
      - nombreScena: 
        puerta: {fileID: 0}
        habilitada: 0
    - nombre: Dia6
      actividades:
      - nombreScena: 
        puerta: {fileID: 0}
        habilitada: 0
      - nombreScena: 
        puerta: {fileID: 0}
        habilitada: 0
      - nombreScena: 
        puerta: {fileID: 0}
        habilitada: 0
      - nombreScena: 
        puerta: {fileID: 0}
        habilitada: 0
      - nombreScena: 
        puerta: {fileID: 0}
        habilitada: 0
      - nombreScena: 
        puerta: {fileID: 0}
        habilitada: 0
      - nombreScena: 
        puerta: {fileID: 0}
        habilitada: 0
  ubicacion:
    fase: 0
    dia: 0
    actividad: 0
  usuario:
    fase: 0
    dia: 0
    actividad: 0
  escenarioPincipal: {fileID: 9098172865907445573, guid: e195483fc90958741b2e033042aeb53d,
    type: 3}
  modoDiosP: 1
